campaign_name,start_date,end_date,budget,roi,type,target_audience,channel,conversion_rate,revenue
Public-key multi-tasking throughput,4/1/2023,2/23/2024,8082.3,0.35,email,B2B,organic,0.4,709593.48
De-engineered analyzing task-force,2/15/2023,4/22/2024,17712.98,0.74,email,B2C,promotion,0.66,516609.1
Balanced solution-oriented Local Area Network,12/20/2022,10/11/2023,84643.1,0.37,podcast,B2B,paid,0.28,458227.42
Distributed real-time methodology,9/26/2022,9/27/2023,14589.75,0.47,webinar,B2B,organic,0.19,89958.73
Front-line executive infrastructure,7/7/2023,5/15/2024,39291.9,0.3,social media,B2B,promotion,0.81,47511.35
Upgradable transitional data-warehouse,6/29/2023,12/13/2023,75569.28,0.59,social media,B2C,referral,0.67,558302.11
Innovative context-sensitive framework,3/1/2023,2/23/2024,28964.45,0.59,email,B2C,referral,0.17,172882.59
User-friendly client-driven service-desk,1/6/2023,12/11/2023,36800.58,0.4,webinar,B2C,promotion,0.52,206241.46
Proactive neutral methodology,9/6/2022,1/11/2024,40493.88,0.16,webinar,B2C,organic,0.47,734755.76
Intuitive responsive support,11/25/2022,4/4/2024,1816.22,0.81,social media,B2C,referral,0.85,563280.3
Multi-lateral dedicated workforce,6/15/2023,6/15/2024,94084.21,0.58,podcast,B2B,referral,0.23,406522.77
Cross-platform demand-driven encoding,7/21/2023,11/4/2023,64041.37,0.16,social media,B2B,promotion,0.55,174462.47
Networked even-keeled toolset,3/16/2023,9/5/2023,49375.81,0.58,social media,B2B,organic,0.95,680416.9
Optional actuating standardization,7/4/2023,5/6/2024,14810.62,0.94,webinar,B2B,referral,0.45,477528.27
Innovative web-enabled function,11/5/2022,9/5/2023,36848.3,0.92,webinar,B2C,referral,0.1,4190.95
Configurable methodical service-desk,3/23/2023,11/7/2023,21510.43,0.23,email,B2B,referral,0.92,23176.85
Cross-group empowering attitude,9/14/2022,1/25/2024,99520.93,0.52,podcast,B2C,paid,0.65,386133.95
Intuitive didactic installation,6/24/2023,3/27/2024,19213.46,0.17,email,B2B,organic,0.96,925274.53
Fundamental dedicated encryption,7/16/2023,8/17/2023,17573.23,0.38,email,B2B,promotion,0.79,460559.74
De-engineered 4thgeneration moratorium,9/26/2022,5/30/2024,25396.4,0.45,email,B2C,promotion,0.1,292885.55
Managed upward-trending website,2/7/2023,2/7/2024,34644.22,0.2,podcast,B2B,referral,0.72,478980.33
Self-enabling human-resource infrastructure,4/20/2023,1/9/2024,60274.59,0.69,webinar,B2B,organic,0.91,974038.96
Cross-platform 24/7 archive,1/16/2023,7/15/2024,79680.62,0.9,email,B2B,promotion,0.96,435524.36
Future-proofed local forecast,8/1/2023,8/11/2023,46775.63,0.67,webinar,B2B,referral,0.75,814672.28
Horizontal hybrid instruction set,8/26/2022,7/24/2024,48366.5,0.21,social media,B2B,promotion,0.87,41004.95
Inverse contextually-based neural-net,6/26/2023,1/28/2024,84973.4,0.16,podcast,B2C,organic,0.16,390736.64
Polarized hybrid system engine,2/15/2023,11/17/2023,37344.7,0.98,email,B2C,organic,0.43,463541.48
Managed analyzing service-desk,7/5/2023,10/9/2023,14391.98,0.23,email,B2C,promotion,0.83,456537.4
Seamless clear-thinking product,11/18/2022,10/5/2023,99838.63,0.63,email,B2B,organic,0.18,14073.59
Networked local adapter,10/17/2022,7/3/2024,29076.12,0.61,social media,B2B,referral,0.1,948309.55
Open-architected neutral open system,4/19/2023,9/20/2023,87963.28,0.69,podcast,B2B,promotion,0.57,993906.77
Secured optimal website,5/25/2023,12/12/2023,53935.8,0.44,social media,B2C,paid,0.4,958654.12
Seamless zero-defect portal,8/12/2022,7/19/2024,71277.1,0.21,email,B2B,paid,0.56,932824.61
Configurable eco-centric capability,10/2/2022,3/9/2024,15968.2,0.53,social media,B2C,paid,0.15,430007.3
Customizable directional paradigm,1/20/2023,8/16/2023,54468.41,0.7,social media,B2C,paid,0.7,924154.29
Cross-platform holistic encryption,7/27/2023,2/15/2024,29393.78,0.34,podcast,B2B,promotion,0.8,72323.84
Vision-oriented encompassing system engine,11/24/2022,3/22/2024,9147.79,0.9,email,B2B,referral,0.28,42048.95
Ergonomic next generation throughput,12/16/2022,3/25/2024,68801.22,0.6,social media,B2B,organic,0.65,482216.95
Vision-oriented 4thgeneration conglomeration,1/18/2023,4/22/2024,1309.17,0.91,podcast,B2C,organic,0.27,273231.88
Ameliorated secondary data-warehouse,4/29/2023,8/24/2023,27168.6,0.74,social media,B2B,organic,0.1,704768.1
Programmable executive workforce,11/22/2022,7/1/2024,39682.9,0.95,webinar,B2B,paid,0.7,116505.36
Cross-group user-facing application,2/27/2023,1/6/2024,89227.7,0.9,podcast,B2C,promotion,0,617379.96
Secured systematic architecture,11/26/2022,4/16/2024,96917.97,0.55,podcast,B2C,promotion,0.39,571977.28
Seamless bifurcated firmware,9/6/2022,12/12/2023,28323.41,0.84,webinar,B2B,organic,0.9,984261.3
Intuitive directional website,6/15/2023,1/7/2024,63656.18,0.17,podcast,B2B,referral,0.4,77500.94
Mandatory incremental throughput,2/28/2023,7/1/2024,69084.1,0.51,podcast,B2B,organic,0.98,210953.33
Organic 24/7 secured line,7/14/2023,10/6/2023,65447.41,0.5,email,B2B,paid,0.26,477907.76
User-friendly analyzing moratorium,4/6/2023,3/16/2024,20328.53,0.99,email,B2B,organic,0.97,658107.7
Programmable discrete intranet,3/5/2023,2/13/2024,8041.9,0.5,social media,B2B,paid,0.96,567808.35
Future-proofed empowering forecast,12/11/2022,11/5/2023,19030.69,0.39,webinar,B2C,promotion,0.75,472138.22
Re-engineered solution-oriented core,10/20/2022,2/11/2024,6124.7,0.87,email,B2B,referral,0.67,397435.21
Diverse grid-enabled forecast,11/18/2022,11/18/2023,11271.19,0.96,social media,B2C,referral,0.81,538367.39
Function-based motivating functionalities,12/11/2022,3/18/2024,28203.84,0.64,email,B2C,organic,0.24,570246.17
User-centric holistic firmware,8/6/2022,3/12/2024,99957.15,0.63,webinar,B2C,referral,0.62,430498.24
Virtual real-time architecture,6/6/2023,12/25/2023,27675.42,0.7,email,B2B,paid,0.1,672667.53
Open-source 6thgeneration secured line,3/7/2023,9/30/2023,12480.75,0.9,podcast,B2B,promotion,0.82,847778.95
Reduced leadingedge architecture,4/23/2023,6/6/2024,84119.33,0.93,email,B2C,organic,0.64,816593.62
Fully-configurable 24/7 knowledgebase,9/30/2022,1/20/2024,6658.22,0.64,webinar,B2C,promotion,0.3,273952.77
Organic 4thgeneration neural-net,10/29/2022,4/16/2024,53826.21,0.2,podcast,B2B,promotion,0.2,683796.77
Centralized 3rdgeneration budgetary management,7/26/2023,8/11/2023,85125,0.56,webinar,B2C,promotion,0.14,364648.39
Persevering web-enabled workforce,6/23/2023,1/3/2024,79220.8,0.6,social media,B2C,paid,0.3,29575.48
Multi-channeled high-level interface,4/6/2023,8/15/2023,46560.5,0.67,social media,B2C,paid,0.85,489015.27
Re-contextualized high-level project,7/13/2023,4/22/2024,56850.62,0.84,social media,B2C,referral,0.98,383111.17
Right-sized tangible product,11/9/2022,2/16/2024,94856.15,0.84,email,B2B,referral,0.23,283711.16
Diverse leadingedge initiative,10/17/2022,8/16/2023,93383.63,0.6,email,B2B,promotion,0.76,749909.68
Intuitive transitional hardware,2/25/2023,9/15/2023,26183.57,0.47,social media,B2B,referral,0.26,429790.1
Diverse 6thgeneration superstructure,8/5/2022,1/5/2024,99128.36,0.9,email,B2B,promotion,0.78,852334.6
Enhanced 4thgeneration hierarchy,8/6/2022,4/17/2024,80647.64,0.9,webinar,B2B,referral,0.81,872159.47
Function-based systematic emulation,3/2/2023,7/12/2024,30883.42,0.63,social media,B2B,paid,0.37,873342.13
Managed asymmetric array,10/14/2022,7/6/2024,24998.61,0.4,webinar,B2C,organic,0.39,71257.79
Enterprise-wide mission-critical utilization,9/29/2022,9/5/2023,64119.81,0.26,social media,B2B,promotion,0.93,211910.58
Adaptive clear-thinking methodology,5/16/2023,3/21/2024,60594.85,0.49,social media,B2C,paid,0.82,850376.61
Networked zero administration model,11/1/2022,11/6/2023,22411.36,0.51,webinar,B2C,organic,0.4,102385.82
Seamless well-modulated open architecture,8/28/2022,10/9/2023,47906.32,0.74,webinar,B2B,promotion,0.45,871834.53
Exclusive radical installation,8/9/2022,10/10/2023,28548.76,0.28,email,B2C,promotion,0.6,181056.53
Intuitive bottom-line algorithm,8/27/2022,5/6/2024,44251.43,0.72,email,B2B,referral,0.16,846562.3
Compatible stable extranet,12/24/2022,11/13/2023,32895.11,0.8,podcast,B2C,referral,0.1,136858.12
Progressive secondary synergy,11/8/2022,4/6/2024,55985.9,0.9,social media,B2B,organic,0.59,505421.93
Sharable next generation ability,12/15/2022,2/19/2024,23212.27,0.13,webinar,B2C,referral,0.49,830178.2
Devolved value-added support,7/2/2023,2/13/2024,42051.6,0.32,email,B2B,referral,0.25,287690.5
Front-line full-range matrices,8/4/2022,8/10/2023,79829.52,0.69,email,B2B,paid,0.7,472828.97
Grass-roots foreground firmware,4/26/2023,4/21/2024,96169.66,0.28,podcast,B2C,organic,0.45,455474.93
Implemented reciprocal monitoring,2/26/2023,6/19/2024,72722.22,0.79,email,B2C,organic,0.1,619138.31
Reverse-engineered foreground approach,2/22/2023,2/18/2024,52125.2,0.16,webinar,B2C,referral,0.8,27754.76
Open-source maximized projection,3/23/2023,3/22/2024,77340.13,0.53,webinar,B2B,referral,0.74,347402.29
Intuitive object-oriented moratorium,12/18/2022,8/28/2023,97763.51,0.23,webinar,B2C,promotion,0.7,244772.45
Virtual 4thgeneration Graphical User Interface,7/27/2023,3/27/2024,15463.29,0.38,social media,B2B,promotion,0.6,963251.51
Reactive multi-tasking extranet,12/26/2022,8/25/2023,51210.38,0.82,email,B2B,referral,0.83,536138.69
Enhanced heuristic archive,5/5/2023,9/26/2023,16066.41,0.67,email,B2B,paid,0.3,508865.73
Stand-alone bandwidth-monitored capability,10/10/2022,3/29/2024,89383.19,0.83,social media,B2C,referral,0.77,828963.15
Open-source coherent archive,8/18/2022,6/11/2024,46558,0.88,podcast,B2B,organic,0.4,315646.86
Future-proofed coherent core,9/14/2022,5/8/2024,62178.3,0.28,social media,B2C,paid,0.2,317338.48
Decentralized radical emulation,9/18/2022,4/23/2024,20201.5,0.76,webinar,B2B,promotion,0.89,335385.42
Team-oriented content-based data-warehouse,11/12/2022,1/15/2024,43643.99,0.26,social media,B2C,organic,0.55,470023.84
Expanded tangible capacity,6/26/2023,5/7/2024,20647.17,0.87,email,B2B,organic,0.78,759838.76
Secured methodical system engine,5/30/2023,5/8/2024,29781.93,0.51,webinar,B2C,paid,0.46,567832.12
Synergistic well-modulated conglomeration,4/23/2023,11/23/2023,89003.41,0.87,podcast,B2C,referral,0.18,643537.76
Programmable dedicated ability,10/18/2022,3/26/2024,34838.17,0.55,podcast,B2B,promotion,0.22,286374.76
Public-key dynamic synergy,3/3/2023,11/16/2023,8209.8,0.91,webinar,B2B,paid,0.78,725706.76
Synergistic actuating benchmark,12/14/2022,8/20/2023,13024.35,0.2,email,B2C,organic,0.99,882368.6
Optional client-driven approach,12/30/2022,7/2/2024,9180.95,0.39,webinar,B2C,organic,0.97,93102.44
Cloned exuding matrices,6/3/2023,7/16/2024,46215.77,0.65,email,B2C,paid,0.63,326486.31
Expanded zero tolerance adapter,9/19/2022,5/7/2024,80474.62,0.86,email,B2C,organic,0.7,394021.52
Persistent incremental installation,12/22/2022,1/27/2024,12789.78,0.73,email,B2C,paid,0.4,516246.2
Integrated full-range encoding,6/18/2023,3/1/2024,42818.39,0.12,email,B2B,promotion,0.14,778282.87
Total system-worthy framework,1/16/2023,8/10/2023,77090.58,0.67,email,B2C,organic,0.1,818026.22
Persistent disintermediate artificial intelligence,1/23/2023,8/21/2023,10659.15,0.7,email,B2B,promotion,0.84,506589.58
Self-enabling explicit interface,1/23/2023,6/19/2024,71211.28,0.85,email,B2B,referral,0.94,628222.4
User-centric responsive software,9/24/2022,8/4/2023,55105.95,0.39,email,B2B,paid,0.65,980593.34
Enterprise-wide bottom-line forecast,1/27/2023,1/26/2024,22701.3,0.21,email,B2C,promotion,0.86,89740.19
Upgradable transitional productivity,12/25/2022,5/12/2024,28460.11,0,social media,B2B,paid,0.37,593949.35
Assimilated asynchronous project,3/30/2023,6/25/2024,81474.69,0.34,email,B2B,paid,0.98,116549.43
Reverse-engineered 4thgeneration alliance,10/10/2022,12/12/2023,99406.41,0.77,webinar,B2B,promotion,0.3,485297.93
Networked bi-directional help-desk,3/23/2023,9/24/2023,89764.52,0.5,podcast,B2C,organic,0.8,346320.53
Diverse exuding superstructure,9/7/2022,11/4/2023,11769.71,0.63,webinar,B2B,paid,0.24,155142.36
Organized directional service-desk,10/17/2022,5/11/2024,44085.8,0.97,webinar,B2B,referral,0.71,88806.24
Balanced 24hour intranet,9/15/2022,4/11/2024,31712.22,0.5,email,B2C,paid,0.12,523802.73
Reactive well-modulated portal,2/4/2023,9/2/2023,34455.95,0.4,social media,B2B,organic,0.6,601996.12
Realigned intangible application,7/6/2023,1/24/2024,31468.43,0.47,email,B2B,promotion,0.48,147390.21
Front-line web-enabled orchestration,1/12/2023,6/13/2024,89740.86,0.37,social media,B2C,paid,0.21,477285.33
Polarized upward-trending frame,3/23/2023,5/23/2024,6806.2,0.55,webinar,B2B,paid,0.78,519790.34
Persevering content-based archive,12/27/2022,1/4/2024,21795.27,0.55,social media,B2B,promotion,0.89,397630.37
De-engineered content-based budgetary management,9/10/2022,10/6/2023,29328.34,0.4,social media,B2B,promotion,0.47,92788.7
Inverse well-modulated forecast,7/22/2023,7/11/2024,7632.49,0.12,webinar,B2B,organic,0.62,782850.48
Progressive web-enabled concept,11/16/2022,5/17/2024,46890.76,0.26,webinar,B2B,organic,0.64,258942.95
Visionary 4thgeneration help-desk,11/23/2022,5/26/2024,81853.53,0.54,webinar,B2C,referral,0.17,974972.63
Up-sized attitude-oriented task-force,7/2/2023,4/7/2024,46635.4,0.4,social media,B2C,promotion,0.46,692709.3
Sharable secondary migration,4/4/2023,9/21/2023,31531.6,0.5,webinar,B2C,referral,0.68,551172.95
Quality-focused methodical policy,10/23/2022,10/10/2023,51428.64,0.26,social media,B2C,referral,0.28,110819.1
Distributed multimedia encryption,8/16/2022,1/22/2024,83726.63,0.5,webinar,B2B,organic,0.13,458296.26
Switchable user-facing archive,10/22/2022,6/11/2024,85417.27,0.78,webinar,B2C,referral,0.74,509606.8
Virtual bottom-line parallelism,8/16/2022,9/5/2023,44082.14,0.5,email,B2C,organic,0.49,903002.29
Customer-focused mobile Graphic Interface,1/19/2023,11/21/2023,61946.3,0.89,webinar,B2C,paid,0.85,217755.18
Networked asynchronous standardization,6/6/2023,1/6/2024,50168.89,0.14,email,B2B,referral,0.67,610750.16
Persevering coherent concept,9/15/2022,12/13/2023,54331.15,0.5,social media,B2B,promotion,0.39,992544.71
Secured systemic groupware,8/28/2022,10/17/2023,72529.72,0.83,email,B2C,referral,0.24,97176.72
Team-oriented motivating productivity,9/21/2022,9/6/2023,40881.17,0.35,podcast,B2B,promotion,0.1,689581.23
Seamless exuding model,11/20/2022,8/5/2023,68885.7,0.19,webinar,B2B,organic,0.21,162090.83
Cross-platform bandwidth-monitored model,2/23/2023,9/16/2023,48358,0.3,email,B2C,paid,0.39,507844.26
Face-to-face high-level synergy,8/15/2022,6/3/2024,98289.74,0.99,webinar,B2B,paid,0.79,811980.83
Compatible eco-centric access,8/24/2022,9/4/2023,4016.62,0.62,social media,B2B,referral,0.99,773055.56
Down-sized web-enabled data-warehouse,4/8/2023,6/3/2024,41419.79,0.74,social media,B2B,organic,0.35,289139.49
Streamlined non-volatile projection,10/17/2022,1/19/2024,52686.92,0.18,social media,B2B,organic,0.28,443069.55
Synergized client-driven algorithm,4/11/2023,12/5/2023,16420.77,0.92,social media,B2C,organic,0.73,632069.31
Cross-platform composite matrix,10/30/2022,2/25/2024,46976.52,0.1,webinar,B2C,organic,0.85,371431.14
Networked background utilization,3/12/2023,5/19/2024,91122.63,0.5,social media,B2C,organic,0.7,831243.27
Quality-focused composite challenge,12/1/2022,1/28/2024,4855.98,0.35,podcast,B2B,promotion,0.85,649003.16
Enhanced asymmetric open system,4/8/2023,12/20/2023,54503.83,0.5,social media,B2B,promotion,0.9,79089.3
Innovative hybrid time-frame,8/12/2022,12/21/2023,12098.23,0.5,email,B2C,paid,0.44,270608.24
Re-engineered intangible intranet,3/6/2023,3/15/2024,14419.22,0.29,podcast,B2C,promotion,0.18,108083.4
Multi-channeled zero administration software,1/9/2023,10/17/2023,59892.4,0.68,email,B2B,promotion,0.66,940283.84
Universal national adapter,11/28/2022,7/5/2024,5197.61,0.1,social media,B2C,referral,0.78,61121.6
Centralized system-worthy knowledgebase,9/16/2022,1/20/2024,6310.87,0.74,email,B2C,paid,0.62,845412.79
Open-architected asymmetric time-frame,3/25/2023,6/3/2024,80612.13,0.31,podcast,B2C,promotion,0.97,112762.13
Centralized leadingedge Local Area Network,1/31/2023,9/27/2023,80358.87,0.5,webinar,B2B,organic,0.64,112718.32
Organized needs-based conglomeration,10/19/2022,10/2/2023,73855.23,0.54,social media,B2B,promotion,0.5,215072.47
Optional secondary collaboration,4/19/2023,2/28/2024,63911.62,0.4,podcast,B2C,organic,0.49,177445.17
Synchronized client-driven challenge,2/8/2023,8/22/2023,50124.39,0.7,social media,B2B,paid,0.22,639517.42
Enterprise-wide zero administration Graphic Interface,11/24/2022,5/11/2024,38086.24,0.65,podcast,B2C,paid,0.71,684590.46
Programmable local moratorium,3/27/2023,8/15/2023,48046.33,0.9,podcast,B2C,promotion,0.45,50534.85
Networked systematic attitude,11/1/2022,10/2/2023,63808.2,0.67,email,B2B,promotion,0.17,275542.3
Pre-emptive solution-oriented standardization,1/31/2023,12/24/2023,26057.53,0.94,email,B2B,referral,0.32,169915.72
Down-sized contextually-based strategy,12/7/2022,1/20/2024,56381.6,0.7,social media,B2C,referral,0.41,492601.2
Reverse-engineered zero administration workforce,10/11/2022,10/14/2023,57815.1,0.62,webinar,B2B,promotion,0.65,962065.9
Pre-emptive real-time database,7/28/2023,9/11/2023,75262.37,0.75,webinar,B2B,referral,0.7,421847.27
Business-focused foreground budgetary management,6/14/2023,12/10/2023,43226.59,0.95,social media,B2B,referral,0.53,573462.79
Stand-alone multi-tasking methodology,11/2/2022,5/3/2024,84506.27,0.8,podcast,B2C,organic,0.63,375663.38
Proactive eco-centric process improvement,1/8/2023,12/27/2023,36457.88,0.28,social media,B2B,organic,0.73,905182.53
Digitized human-resource knowledge user,2/4/2023,1/25/2024,10038.96,0.36,podcast,B2B,promotion,0.7,911686.87
Ergonomic next generation hub,12/18/2022,1/27/2024,27079.85,0.32,social media,B2C,referral,0.3,784636.2
Realigned radical hardware,11/3/2022,7/12/2024,34512.86,0.2,webinar,B2B,referral,0.87,999712.49
Grass-roots national approach,8/29/2022,3/21/2024,16063.49,0.99,email,B2B,promotion,0.69,868083.16
Synergistic mobile task-force,11/2/2022,11/20/2023,61343.2,0.91,social media,B2B,referral,0.73,943514.25
Customer-focused fault-tolerant help-desk,10/8/2022,12/25/2023,39585.98,0.11,podcast,B2B,promotion,0.99,889037.24
Face-to-face 6thgeneration portal,5/8/2023,9/5/2023,99535.21,0.59,social media,B2B,paid,0.15,142678.88
Ameliorated encompassing capacity,2/19/2023,7/28/2024,44466.83,0.15,webinar,B2B,promotion,0.31,504690.83
Digitized optimizing capability,8/25/2022,10/12/2023,70841.82,0.22,podcast,B2C,paid,0.76,406913.89
Triple-buffered zero tolerance circuit,4/27/2023,3/18/2024,62752.63,0.3,podcast,B2C,paid,0.32,307410.29
Open-source background firmware,7/4/2023,4/9/2024,97748.2,0.73,email,B2C,referral,0.96,543371.38
Expanded global matrices,11/28/2022,4/16/2024,67048.32,0.78,webinar,B2B,organic,0.42,246285.96
Organized regional implementation,2/13/2023,12/31/2023,34303.92,0.13,webinar,B2C,paid,0.48,420804.86
Realigned stable parallelism,3/31/2023,1/18/2024,52871.17,0.19,webinar,B2B,promotion,0.53,611779.7
Networked executive knowledgebase,10/18/2022,8/19/2023,53678.65,0.47,email,B2B,promotion,0.24,129992.9
Multi-tiered neutral standardization,5/9/2023,11/26/2023,21921.72,0.74,webinar,B2C,organic,0.55,721273.96
Virtual cohesive orchestration,3/11/2023,8/21/2023,98706.34,0.69,email,B2C,promotion,0.92,499658.4
Progressive 4thgeneration policy,10/6/2022,4/20/2024,16290.7,0.49,webinar,B2C,promotion,0.99,172899.7
Monitored impactful installation,7/28/2023,11/25/2023,24936.91,0.9,webinar,B2B,promotion,0.37,541332.72
Automated responsive initiative,8/30/2022,5/12/2024,20401.62,0.6,podcast,B2B,paid,0.28,875354.92
Function-based grid-enabled conglomeration,12/6/2022,5/3/2024,33675.46,0.18,email,B2B,promotion,0.89,203504.87
Polarized dynamic analyzer,6/27/2023,7/26/2024,87618.4,0.97,podcast,B2C,promotion,0.5,274321.91
Centralized methodical alliance,7/19/2023,2/11/2024,33524.69,0.6,podcast,B2C,paid,0.19,970610.35
Visionary directional open architecture,5/2/2023,5/29/2024,86623.59,0.26,webinar,B2C,organic,0.23,107133.96
Reduced static functionalities,3/9/2023,1/8/2024,8473.58,0.29,social media,B2B,organic,0.93,840891.99
Sharable upward-trending initiative,10/23/2022,4/9/2024,20951.3,0.58,social media,B2C,organic,0.24,994306.41
Front-line eco-centric open system,6/16/2023,7/6/2024,36331.8,0.9,social media,B2B,promotion,0.76,622639.37
Managed bandwidth-monitored complexity,3/21/2023,4/4/2024,19401.94,0.92,email,B2B,organic,0.25,617007.9
Re-engineered non-volatile algorithm,3/4/2023,11/6/2023,59532.42,0.7,webinar,B2B,paid,0.9,773688.33
Integrated secondary migration,1/4/2023,4/26/2024,98089.92,0.33,webinar,B2C,paid,0.22,522231.68
Horizontal 6thgeneration model,11/19/2022,10/29/2023,16308.37,0.65,webinar,B2C,promotion,0.37,511344.87
Robust optimizing projection,6/12/2023,11/6/2023,36824.24,0.93,email,B2B,promotion,0.42,971476.94
Right-sized scalable open architecture,2/6/2023,12/24/2023,62406.71,0.3,webinar,B2B,promotion,0.67,123917.89
Optional mission-critical project,8/6/2022,7/22/2024,96713.47,0.92,podcast,B2C,paid,0.63,995340.62
Focused responsive open architecture,11/9/2022,1/28/2024,91490.92,0.93,webinar,B2C,referral,0.95,38601.99
Reverse-engineered static infrastructure,7/26/2023,5/29/2024,12246.32,0.48,email,B2B,referral,0.44,987205.29
Monitored grid-enabled productivity,1/8/2023,6/7/2024,29724.33,0.61,podcast,B2C,promotion,0.27,961419.64
Cross-group foreground ability,3/11/2023,11/27/2023,32343.79,0.99,social media,B2B,paid,0.5,55043.59
Switchable mobile toolset,6/25/2023,4/16/2024,59590.26,0.83,podcast,B2B,referral,0.99,574709.76
Front-line mobile ability,11/12/2022,8/18/2023,77582.36,0.65,podcast,B2C,promotion,0.47,428175.9
Optional systemic adapter,12/15/2022,12/16/2023,23477.6,0.26,email,B2B,paid,0.34,219063.7
User-friendly responsive parallelism,10/31/2022,5/8/2024,9666.13,0.86,email,B2C,referral,0.65,53039.92
Mandatory grid-enabled throughput,6/7/2023,8/6/2023,63938.71,0,email,B2C,referral,0.49,890569.79
Phased dynamic throughput,7/7/2023,12/31/2023,44248.38,0.4,webinar,B2B,paid,0.65,313395.54
Pre-emptive mobile Local Area Network,5/7/2023,2/13/2024,97083.41,0.77,podcast,B2B,promotion,0.25,378325.1
Decentralized zero-defect superstructure,10/18/2022,10/3/2023,18706.92,0.58,webinar,B2B,referral,0.44,554902.17
Distributed grid-enabled focus group,10/10/2022,10/12/2023,92742.9,0.55,webinar,B2B,organic,0.33,755802.41
Monitored global leverage,3/10/2023,4/26/2024,14418.29,0.47,email,B2B,promotion,0.67,683612.91
Secured exuding hardware,8/17/2022,4/13/2024,55644.28,0.41,podcast,B2C,referral,0.68,764211.61
Re-engineered content-based projection,6/23/2023,5/3/2024,49973.41,0.32,podcast,B2B,promotion,0.4,305097.18
Compatible explicit hierarchy,10/6/2022,5/27/2024,52495.87,0.5,webinar,B2B,promotion,0.56,375558.47
Reduced holistic groupware,5/22/2023,8/13/2023,22905.15,0.85,podcast,B2C,paid,0.2,923669.92
Organic national application,3/1/2023,11/20/2023,70871.65,0.5,email,B2C,organic,0.46,193601.52
Configurable multi-tasking projection,12/7/2022,8/7/2023,91280.14,0.71,social media,B2B,paid,0.24,764420.89
Open-source zero-defect groupware,8/22/2022,2/26/2024,43142.37,0.65,webinar,B2C,referral,0.9,770745.63
Extended multi-tasking focus group,7/13/2023,11/11/2023,90807.23,0.44,email,B2B,referral,0.76,153622.7
Reverse-engineered 4thgeneration adapter,1/1/2023,4/15/2024,32622.8,0.65,podcast,B2C,promotion,0.3,568194.2
Open-source heuristic methodology,6/4/2023,10/18/2023,25277.14,0.34,email,B2C,organic,0.92,49060.75
Diverse interactive functionalities,6/7/2023,10/9/2023,84489.59,0.13,social media,B2B,promotion,0.83,786673.54
Ameliorated leadingedge moratorium,12/17/2022,6/11/2024,28928.55,0.6,email,B2C,referral,0.12,130083.15
Distributed web-enabled matrix,1/21/2023,3/22/2024,9774.56,0.34,email,B2B,paid,0.6,918275.49
Horizontal full-range complexity,8/6/2022,8/31/2023,59889.62,0.83,webinar,B2C,referral,0.85,142978.25
Re-engineered optimizing definition,4/18/2023,10/9/2023,90656.1,0.94,podcast,B2C,organic,0.56,886308.94
Horizontal regional implementation,5/31/2023,2/21/2024,84627.74,0.95,podcast,B2C,paid,0.75,731870.88
Robust eco-centric service-desk,3/3/2023,12/1/2023,61961.66,0.9,webinar,B2B,organic,0.81,794739.96
Expanded radical array,7/27/2023,2/11/2024,67729.9,0.27,webinar,B2B,promotion,0.44,911554.74
Cross-group interactive matrix,12/2/2022,9/18/2023,53669.55,0.34,podcast,B2B,paid,0.22,650057.57
Digitized full-range moderator,5/7/2023,12/14/2023,45957.86,0.6,podcast,B2B,referral,0.57,941547.97
Programmable dedicated Graphical User Interface,1/28/2023,10/9/2023,77240.69,0.15,email,B2C,promotion,0.93,546902.83
Total secondary attitude,2/13/2023,3/1/2024,27897.65,0.37,podcast,B2C,referral,0.36,746509.64
User-friendly coherent software,4/1/2023,2/20/2024,81083.98,0.2,podcast,B2C,paid,0.9,95920.24
Grass-roots global attitude,11/20/2022,4/16/2024,81664.5,0.13,social media,B2C,paid,0.3,862829.84
Decentralized incremental synergy,5/18/2023,8/24/2023,78742.39,0.81,social media,B2C,referral,0.79,10253.3
Virtual executive alliance,10/13/2022,5/5/2024,1580.69,0.46,podcast,B2B,organic,0.17,238785.82
Distributed content-based service-desk,6/24/2023,5/10/2024,3889.42,0.32,social media,B2C,promotion,0.2,769703.69
Customizable real-time toolset,7/31/2023,5/7/2024,45499.9,0.1,social media,B2C,organic,0.19,292766.77
Cross-group discrete implementation,7/2/2023,3/10/2024,98544.63,0.76,podcast,B2C,referral,0.95,803643.85
Secured object-oriented contingency,1/22/2023,9/26/2023,96004.64,0.6,podcast,B2B,promotion,0.33,593146.14
Re-contextualized needs-based function,10/9/2022,10/23/2023,23192.5,0.47,webinar,B2B,referral,0.53,278642.2
Face-to-face optimal capacity,8/28/2022,11/29/2023,28757.86,0.31,email,B2C,referral,0.3,215374.16
Assimilated analyzing definition,6/19/2023,12/2/2023,97448.7,0.27,email,B2C,paid,0.51,128880.88
Diverse homogeneous approach,10/31/2022,4/18/2024,58194.33,0.84,social media,B2C,organic,0.58,209309.17
Persevering non-volatile utilization,7/18/2023,2/12/2024,36038.7,0.6,webinar,B2B,referral,0.5,257457.4
Down-sized exuding website,3/29/2023,12/29/2023,53597.41,0.96,podcast,B2C,paid,0.68,919259.71
Persevering zero administration interface,3/27/2023,10/25/2023,1052.57,0.37,email,B2C,promotion,0.44,932323.35
Re-contextualized global projection,4/28/2023,10/20/2023,81795.53,0.9,webinar,B2C,organic,0.98,708435.72
Advanced optimizing portal,2/8/2023,8/26/2023,97675.33,0.55,email,B2B,organic,0.77,961689.96
Total client-driven functionalities,3/26/2023,6/6/2024,32997.59,0.19,podcast,B2B,paid,0.21,144974.37
Grass-roots reciprocal core,11/7/2022,1/19/2024,85249.47,0.97,social media,B2B,paid,0.9,34642.19
Self-enabling reciprocal algorithm,11/1/2022,7/29/2024,8645.67,0.12,email,B2B,paid,0.37,961551.85
Fundamental holistic policy,1/9/2023,7/29/2024,7952.59,0.3,email,B2C,organic,0.64,632738.63
Automated background intranet,6/24/2023,12/1/2023,97730.37,0.48,webinar,B2C,organic,0.34,901131.26
Diverse modular productivity,1/23/2023,8/19/2023,6626.65,0.28,email,B2C,referral,0.78,650555.67
Down-sized attitude-oriented conglomeration,8/23/2022,6/25/2024,59892.4,0.4,email,B2C,referral,0.37,912250.59
Universal 24hour process improvement,12/25/2022,7/2/2024,37166.31,0.28,webinar,B2B,referral,0.9,572808.65
Fundamental optimal secured line,7/26/2023,2/4/2024,56570.94,0.91,podcast,B2C,referral,0.96,83447.66
Reverse-engineered responsive migration,2/10/2023,9/23/2023,91764.9,0.34,webinar,B2C,organic,0.61,889379.44
Organized hybrid intranet,6/3/2023,11/16/2023,91247.27,0.7,social media,B2B,referral,0,579220.33
Streamlined intermediate core,8/20/2022,2/18/2024,59201.77,0.12,social media,B2B,promotion,0.65,784578.57
Re-contextualized regional pricing structure,3/18/2023,6/29/2024,93497.4,0.44,email,B2B,promotion,0.37,58328
Stand-alone client-driven challenge,12/20/2022,10/6/2023,18364.99,0.24,webinar,B2B,paid,0.85,433475.14
Reactive client-driven paradigm,4/9/2023,10/2/2023,63250.91,0.72,email,B2C,paid,0.76,32045.66
Object-based composite info-mediaries,5/4/2023,12/19/2023,52277.41,0.79,webinar,B2C,promotion,0.84,838402.57
User-centric discrete algorithm,9/17/2022,7/25/2024,41022.86,0.64,email,B2B,promotion,0.53,553643.5
Cloned discrete customer loyalty,3/21/2023,10/11/2023,69490.13,0.56,email,B2C,paid,0.5,690561.8
Function-based motivating algorithm,11/18/2022,5/8/2024,16205.28,0.11,email,B2B,referral,0.86,632469.27
Devolved local Graphic Interface,1/4/2023,6/6/2024,71575.57,0.58,email,B2C,promotion,0.81,295020.93
Synergized 24hour strategy,9/13/2022,9/24/2023,78034.3,0.9,podcast,B2B,paid,0.36,718941.54
Function-based exuding strategy,4/30/2023,2/25/2024,87156.45,0.4,social media,B2C,referral,0.99,95274.7
Synergistic intermediate middleware,7/22/2023,10/27/2023,28984.24,0.1,webinar,B2C,paid,0.93,224410.83
Grass-roots 24/7 orchestration,1/21/2023,6/25/2024,39758.97,0.5,social media,B2C,promotion,0.56,81674.81
Adaptive needs-based initiative,6/4/2023,7/6/2024,46618.3,0.72,email,B2C,organic,0.23,854112.83
Automated 5thgeneration attitude,2/5/2023,6/3/2024,96380.65,0.99,email,B2B,referral,0.18,35031.43
Mandatory secondary access,8/3/2022,11/4/2023,44406.38,0.17,email,B2B,promotion,0.21,438753.14
Digitized analyzing paradigm,9/28/2022,11/4/2023,31010.8,0.5,email,B2B,referral,0.32,759445.2
Object-based intangible artificial intelligence,3/27/2023,10/6/2023,19288.56,0.5,webinar,B2B,promotion,0.44,138967.65
Proactive mission-critical structure,11/18/2022,6/28/2024,54317.78,0.9,social media,B2C,paid,0.35,190911.53
Object-based grid-enabled model,3/27/2023,8/30/2023,41357.61,0.56,social media,B2B,paid,0.65,869961.43
Seamless executive standardization,11/26/2022,6/12/2024,16261.19,0.49,webinar,B2C,referral,0.52,546988.28
De-engineered homogeneous array,10/11/2022,6/7/2024,27126.77,0.3,webinar,B2C,promotion,0.79,725838.96
Inverse heuristic projection,3/27/2023,12/10/2023,97754.27,0.87,social media,B2C,organic,0.56,368164.25
Diverse asymmetric orchestration,2/22/2023,8/2/2023,86507.56,0.39,email,B2C,paid,0.4,468536.15
Reactive zero tolerance core,5/14/2023,7/29/2024,75067.13,0.95,podcast,B2C,promotion,0.44,967358.1
Reverse-engineered 24/7 help-desk,1/19/2023,9/19/2023,46839.92,0.65,social media,B2B,paid,0.28,168009.32
Optimized 24hour budgetary management,12/21/2022,2/25/2024,73305.28,0.61,podcast,B2C,paid,0.48,776332.85
Inverse heuristic encryption,7/7/2023,5/15/2024,90612.4,0.15,email,B2B,organic,0.69,123571.95
Realigned empowering initiative,3/6/2023,3/31/2024,18541.27,0.58,email,B2B,paid,0.71,783948.9
Reduced mobile matrices,8/31/2022,2/17/2024,73723.4,0.74,webinar,B2C,promotion,0.21,62558.41
Virtual motivating portal,10/31/2022,7/28/2024,60705.69,0.24,webinar,B2B,referral,0.19,575160.34
Customizable executive task-force,8/31/2022,2/10/2024,14777.5,0,email,B2C,promotion,0.38,865674.86
Optional 3rdgeneration open architecture,7/16/2023,7/24/2024,81086.35,0.27,podcast,B2C,organic,0.32,596689.85
Networked 6thgeneration neural-net,11/8/2022,9/7/2023,39534.14,0.94,social media,B2B,promotion,0.49,460143.5
Open-architected empowering database,5/25/2023,12/26/2023,63786.13,0.21,podcast,B2C,organic,0.43,91479.12
Multi-channeled human-resource infrastructure,5/30/2023,4/4/2024,63889.54,0.77,webinar,B2C,paid,0.95,984610.31
Distributed intangible software,11/13/2022,11/27/2023,14378.29,0.25,social media,B2B,organic,0.59,689799.85
Switchable clear-thinking challenge,8/23/2022,8/16/2023,57635.88,0.6,webinar,B2B,organic,0.16,192521.65
Customizable 4thgeneration Internet solution,11/14/2022,8/27/2023,78080.7,0.86,social media,B2B,promotion,0.6,373181.87
Reduced zero tolerance policy,1/28/2023,7/10/2024,95263.32,0.4,podcast,B2B,promotion,0.33,352655.66
Profound real-time archive,2/23/2023,12/2/2023,54198.81,0.73,webinar,B2C,referral,0.4,784870.79
Inverse static support,11/28/2022,3/22/2024,65189.68,0.21,podcast,B2C,referral,0.5,816329.8
Total attitude-oriented support,1/8/2023,6/29/2024,85772.21,0.98,podcast,B2B,organic,0.86,755740.83
Persistent tangible methodology,2/17/2023,7/25/2024,85190.24,0.64,webinar,B2C,promotion,0.48,900744.98
Robust bi-directional hub,11/1/2022,8/20/2023,87931.71,0.56,email,B2C,referral,0.77,288613.62
Virtual content-based standardization,8/23/2022,4/24/2024,34658.91,0.27,social media,B2B,organic,0.59,596524.13
Programmable modular architecture,1/12/2023,1/28/2024,57845.8,0.9,podcast,B2C,paid,0.7,267847.44
Open-source zero administration extranet,6/13/2023,1/13/2024,65653.98,0.47,social media,B2C,paid,0.96,320630.54
Total asymmetric emulation,3/30/2023,3/15/2024,69996.24,0.77,social media,B2C,paid,0.86,936284.24
Streamlined attitude-oriented adapter,7/3/2023,7/18/2024,2554.18,0.46,social media,B2B,referral,0.33,575092.19
Operative demand-driven open system,10/4/2022,10/8/2023,11294.95,0.49,email,B2C,paid,0.95,390218.59
Organic impactful approach,7/8/2023,11/26/2023,15971.25,0.94,email,B2B,organic,0.85,296134.8
Cloned leadingedge moderator,11/11/2022,4/30/2024,36838.48,0.3,email,B2B,referral,0.72,788871.83
Versatile well-modulated ability,5/28/2023,3/21/2024,24501.77,0.93,podcast,B2B,referral,0.87,788670.6
Self-enabling zero tolerance synergy,6/1/2023,5/7/2024,49505.24,0.48,webinar,B2B,promotion,0.87,703788.18
Polarized systematic parallelism,1/3/2023,4/25/2024,5479.95,0,social media,B2B,organic,0.62,775127.75
Sharable object-oriented algorithm,1/26/2023,11/28/2023,13686.9,0.26,podcast,B2B,referral,0.68,298349.71
Progressive systematic architecture,8/15/2022,1/11/2024,7306.71,0.69,webinar,B2B,paid,0.97,541005.28
Decentralized bi-directional forecast,2/3/2023,11/18/2023,96168.8,0.74,email,B2C,promotion,0.26,138002.71
Multi-lateral coherent hardware,3/20/2023,12/20/2023,80398.7,0.68,social media,B2B,paid,0.77,556040.51
Digitized fresh-thinking toolset,7/23/2023,3/20/2024,7171.11,0.23,podcast,B2C,referral,0.58,244491.62
Persistent fresh-thinking parallelism,9/26/2022,7/24/2024,40458.71,0.47,email,B2B,organic,0.6,748950.16
Up-sized discrete superstructure,4/8/2023,2/16/2024,85035.31,0.35,webinar,B2C,referral,0.69,583929.45
Implemented next generation productivity,8/16/2022,12/12/2023,28881.52,0.83,email,B2B,referral,0.74,887826.15
Persistent radical approach,10/23/2022,8/15/2023,99891.35,0.8,email,B2C,promotion,0.91,8272.5
Robust dynamic circuit,10/4/2022,4/29/2024,35936.7,0.37,webinar,B2B,referral,0.13,575711.5
Assimilated cohesive contingency,3/10/2023,7/22/2024,52088.32,0.6,podcast,B2B,referral,0.46,85934.39
Distributed heuristic extranet,8/27/2022,12/31/2023,19258.46,0.61,podcast,B2C,promotion,0.22,828613.75
Public-key optimizing open architecture,4/1/2023,11/13/2023,35095.84,0.7,social media,B2C,paid,0.26,153946.14
Self-enabling secondary methodology,9/22/2022,4/16/2024,89591.74,0.22,podcast,B2C,promotion,0.16,707937.27
Multi-channeled intermediate project,7/10/2023,6/11/2024,30866.33,0.4,webinar,B2C,paid,0.51,487045.64
Re-engineered 24/7 benchmark,10/7/2022,8/2/2023,60761.56,0.6,podcast,B2C,paid,0.46,560912.6
Automated 6thgeneration solution,4/10/2023,8/27/2023,82351.52,0.99,podcast,B2C,organic,0.27,470489.22
Persevering asymmetric orchestration,10/23/2022,3/12/2024,68860.82,0.33,webinar,B2C,organic,0.82,360686.83
Enhanced web-enabled knowledge user,4/24/2023,5/25/2024,71941.12,0.99,webinar,B2C,referral,0.67,793615.75
Multi-tiered fresh-thinking monitoring,1/31/2023,1/23/2024,92487.68,0.5,social media,B2C,organic,0.48,539681.9
Cloned background ability,5/8/2023,8/5/2023,6690.98,0.95,podcast,B2C,referral,0.6,419310.48
Up-sized bifurcated budgetary management,6/21/2023,3/29/2024,65932.3,0.46,email,B2B,paid,0.64,868615.57
Virtual methodical projection,8/28/2022,8/3/2023,2939.44,0.23,podcast,B2B,referral,0.34,517886.3
Configurable 6thgeneration approach,7/20/2023,8/5/2023,89898.65,0.51,social media,B2C,paid,0.94,940644.5
Networked zero administration hardware,6/18/2023,1/12/2024,79330.1,0.6,webinar,B2C,promotion,0.6,993317.73
Integrated dedicated solution,4/25/2023,9/26/2023,49871.16,0.59,webinar,B2B,promotion,0.13,753551.91
Managed coherent Local Area Network,8/22/2022,7/9/2024,86898.8,0.2,email,B2B,paid,0.63,627464.79
Assimilated bifurcated policy,7/12/2023,6/7/2024,88219.78,0.56,podcast,B2C,organic,0.9,385119.98
Intuitive secondary initiative,7/21/2023,10/2/2023,40691.9,0.87,email,B2C,organic,0.5,924409.28
Reverse-engineered bandwidth-monitored encoding,4/13/2023,12/22/2023,72683.1,0.37,social media,B2B,paid,0.71,778626.74
Adaptive 24/7 open architecture,4/28/2023,4/26/2024,11646.16,0.8,email,B2B,organic,0.81,13324.2
Grass-roots holistic migration,8/26/2022,12/23/2023,89917.95,0.67,email,B2B,promotion,0.24,736828.76
Face-to-face background methodology,11/26/2022,4/19/2024,78099.81,0.94,webinar,B2C,organic,0.35,535075.58
Visionary neutral attitude,7/2/2023,7/25/2024,35717.61,0.19,podcast,B2C,organic,0.1,146092.95
Grass-roots tertiary adapter,2/21/2023,3/25/2024,74243.84,0.9,webinar,B2B,promotion,0.95,562833.1
Function-based dynamic focus group,12/17/2022,2/8/2024,25475.7,0.1,webinar,B2C,paid,0.43,869402.93
Multi-tiered stable installation,3/23/2023,4/15/2024,28552.53,0.1,webinar,B2C,paid,0.2,472180.81
Proactive explicit migration,7/6/2023,8/6/2023,38420.97,0.96,social media,B2C,organic,0.58,833349.14
Reactive eco-centric synergy,7/3/2023,4/23/2024,39225.15,0.28,email,B2B,paid,0.84,127445.11
Automated dedicated budgetary management,8/1/2023,4/6/2024,1436.99,0.14,podcast,B2B,organic,0.87,881768.44
Multi-channeled coherent moderator,8/10/2022,3/18/2024,11007.95,0.79,podcast,B2C,referral,0.81,680150.2
Synergized bottom-line paradigm,12/6/2022,7/9/2024,94432.87,0.63,social media,B2C,organic,0.2,524902.66
Phased attitude-oriented standardization,7/3/2023,5/12/2024,87100.53,0.53,podcast,B2B,referral,0.32,959625.18
Open-architected bottom-line algorithm,11/11/2022,11/15/2023,81473.25,0.96,webinar,B2C,paid,0.37,471361.8
Open-source homogeneous product,5/31/2023,9/30/2023,89921.79,0.79,webinar,B2B,organic,0.51,423523.6
Reduced tertiary implementation,8/10/2022,10/22/2023,93538.7,0.83,email,B2B,organic,0.4,949355.73
Proactive incremental framework,12/16/2022,5/21/2024,96760.38,0.12,email,B2B,referral,0.33,353251.17
Quality-focused hybrid policy,1/28/2023,5/10/2024,90020.46,0.55,social media,B2C,promotion,0.9,766391.61
Progressive 24hour utilization,11/1/2022,3/14/2024,14495.84,0.3,podcast,B2C,referral,0.56,105658.26
Organized coherent utilization,9/12/2022,5/18/2024,7889.64,0.52,email,B2C,referral,0.56,160161.3
Versatile user-facing benchmark,9/19/2022,5/21/2024,53658.92,0.9,social media,B2B,promotion,0,761292.13
Configurable client-driven migration,12/9/2022,3/10/2024,21172.32,0.16,social media,B2C,referral,0.32,972694.3
Public-key fresh-thinking intranet,7/23/2023,4/1/2024,88296.95,0.19,webinar,B2C,referral,0.13,928231.8
Self-enabling bandwidth-monitored array,9/15/2022,4/5/2024,42970.96,0.84,webinar,B2C,referral,0.68,345521.31
Profound disintermediate analyzer,12/16/2022,11/9/2023,49418.2,0.4,social media,B2B,paid,0.83,917197.39
Multi-tiered multi-tasking support,10/23/2022,12/8/2023,3809.12,0.22,webinar,B2C,referral,0.2,573889.99
Triple-buffered next generation moderator,7/22/2023,2/17/2024,96955.19,0.51,webinar,B2B,promotion,0.51,605117.55
Synergistic needs-based framework,10/21/2022,4/27/2024,22787.98,0.41,webinar,B2C,organic,0.29,940147.71
Horizontal national alliance,12/20/2022,11/10/2023,59550.27,0.47,social media,B2C,referral,0.42,345405
Team-oriented mobile contingency,3/29/2023,1/25/2024,55219.7,0.97,podcast,B2B,promotion,0.64,643859.1
Persistent grid-enabled contingency,10/14/2022,2/6/2024,38978.72,0.1,podcast,B2C,organic,0.25,730692.49
Reactive real-time array,6/21/2023,4/13/2024,77106.38,0.34,podcast,B2C,promotion,0.39,187751.15
Programmable asynchronous encryption,1/17/2023,12/22/2023,16485.72,0.89,podcast,B2B,referral,0.41,9714.17
Object-based web-enabled intranet,6/1/2023,8/11/2023,32297.26,0.93,webinar,B2B,promotion,0.17,919995.28
Universal exuding artificial intelligence,4/25/2023,7/24/2024,80372.5,0.3,webinar,B2B,paid,0.3,260204.2
Cross-group bandwidth-monitored time-frame,11/30/2022,3/18/2024,51871.97,0.56,email,B2B,paid,0.55,389969.52
Customer-focused web-enabled framework,1/4/2023,12/30/2023,3162.85,0.27,social media,B2B,organic,0.71,625063.38
Synergized local emulation,4/20/2023,12/10/2023,1793.79,0.28,webinar,B2B,promotion,0.3,441129.4
Multi-tiered object-oriented knowledge user,4/22/2023,10/28/2023,52804.87,0,email,B2C,paid,0.25,880106.4
Multi-lateral mission-critical productivity,4/21/2023,9/12/2023,71940.27,0.84,social media,B2B,referral,0.73,720494.61
Re-contextualized reciprocal secured line,3/19/2023,10/9/2023,83645.54,0.58,social media,B2B,referral,0.27,607963.82
Compatible actuating utilization,9/29/2022,3/14/2024,40895.28,0.84,webinar,B2C,promotion,0.53,322795.47
Compatible full-range open system,5/29/2023,6/4/2024,33898.88,0.5,social media,B2B,referral,0.58,300424.53
Switchable incremental collaboration,3/28/2023,11/28/2023,46310.28,0.77,webinar,B2B,paid,0.53,486051.65
Monitored maximized project,5/7/2023,5/17/2024,32095.6,0.69,email,B2B,promotion,0.37,442320.4
Compatible grid-enabled info-mediaries,1/27/2023,11/21/2023,96019.69,0.84,webinar,B2C,organic,0.57,687313.27
Cloned foreground portal,9/14/2022,8/17/2023,13908.21,0.54,podcast,B2B,promotion,0.88,816603.99
Devolved homogeneous projection,4/25/2023,5/24/2024,4833.32,0.7,webinar,B2C,promotion,0.22,864437.87
Profound non-volatile complexity,10/3/2022,8/18/2023,28827.53,0.76,social media,B2C,paid,0.94,734015.4
Focused holistic collaboration,1/31/2023,11/2/2023,89440.32,0.88,email,B2C,promotion,0.85,931725.82
Optimized zero administration task-force,12/31/2022,1/14/2024,31564.29,0.77,podcast,B2B,referral,0.83,931183.22
Customizable zero administration application,8/27/2022,1/1/2024,86492.2,0.38,podcast,B2B,paid,0.23,122398.7
Balanced multi-tasking adapter,7/13/2023,6/23/2024,13945.61,0.63,email,B2B,promotion,0.57,794815.89
Ameliorated grid-enabled capability,1/19/2023,10/2/2023,13105.34,0.37,social media,B2B,paid,0.6,501764.55
Monitored full-range matrix,9/2/2022,10/11/2023,27771.85,0.39,social media,B2B,referral,0.58,673575.17
Multi-tiered empowering adapter,2/24/2023,9/29/2023,30544.22,0.83,podcast,B2B,organic,0.47,40247.47
Re-contextualized mission-critical help-desk,3/28/2023,11/22/2023,35286.84,0.17,webinar,B2B,paid,0.45,195049.24
Face-to-face foreground service-desk,3/15/2023,5/7/2024,23254.87,0.66,social media,B2C,promotion,0.59,817356.61
Re-contextualized solution-oriented circuit,8/25/2022,12/4/2023,29101.58,0.74,email,B2C,referral,0.57,798538.44
Managed didactic system engine,7/14/2023,7/18/2024,31358.99,0.7,social media,B2C,referral,0.86,378814.53
Expanded 4thgeneration groupware,4/2/2023,8/23/2023,51725.95,0.7,email,B2B,paid,0.72,654019.7
Total well-modulated knowledge user,8/22/2022,10/19/2023,28468.75,0.82,webinar,B2C,organic,0.11,151441.9
Polarized high-level ability,9/20/2022,3/22/2024,8627.43,0.26,email,B2B,promotion,0.75,823000.43
Reduced high-level methodology,4/12/2023,2/27/2024,92072.41,0.48,email,B2B,organic,0.54,8811.92
Robust executive migration,1/29/2023,12/5/2023,42804.51,0.55,podcast,B2C,organic,0.79,650574.93
Inverse background firmware,9/8/2022,5/1/2024,4270.96,0.64,email,B2B,promotion,0.8,30917.19
Vision-oriented client-server conglomeration,8/30/2022,2/21/2024,68514.74,0.1,podcast,B2B,organic,0.75,123066.22
Reduced motivating analyzer,7/18/2023,7/16/2024,76849,0.72,webinar,B2C,promotion,0.45,453670.5
Focused empowering capacity,5/4/2023,5/23/2024,74278.5,0.3,social media,B2B,promotion,0.12,863407.86
Front-line multi-tasking moderator,1/9/2023,4/18/2024,21674.14,0.75,podcast,B2B,promotion,0.65,917565.26
Realigned 24/7 hub,9/21/2022,5/23/2024,72864.67,0.16,social media,B2C,referral,0.7,360392.7
De-engineered 6thgeneration parallelism,1/29/2023,7/12/2024,47218.62,0.24,podcast,B2B,referral,0.96,931639.51
Mandatory 3rdgeneration matrices,7/2/2023,10/28/2023,29709.16,0.86,social media,B2C,referral,0.12,811850.37
Compatible full-range toolset,1/23/2023,8/7/2023,55196.85,0.9,podcast,B2B,promotion,0.4,561046.37
Switchable 3rdgeneration projection,7/1/2023,12/7/2023,72566.45,0.12,podcast,B2C,referral,0.33,713030.96
Programmable homogeneous projection,9/24/2022,11/12/2023,11006.3,0.25,podcast,B2C,promotion,0.98,3641.3
Decentralized contextually-based capability,2/22/2023,6/9/2024,9950.82,0.97,webinar,B2C,referral,0.5,482845.35
Exclusive next generation info-mediaries,3/26/2023,4/4/2024,38117.82,0.64,podcast,B2C,promotion,0.4,600708.1
Cloned scalable strategy,9/1/2022,6/14/2024,74720.7,0.9,email,B2B,paid,0.49,774366.5
Public-key full-range matrices,7/16/2023,9/3/2023,37221.22,0.17,email,B2C,organic,0.1,681365.12
Multi-layered methodical structure,9/29/2022,5/3/2024,33682.83,0.16,social media,B2C,referral,0.25,189755.91
Organic holistic Graphical User Interface,7/5/2023,12/3/2023,1810.82,0.14,email,B2C,promotion,0.87,270481.39
Multi-channeled upward-trending instruction set,2/28/2023,3/6/2024,29840.15,0.19,webinar,B2B,organic,0.78,631347.68
Managed even-keeled Internet solution,3/9/2023,1/12/2024,81342.1,0.66,email,B2C,promotion,0.91,362030.2
Customer-focused systemic capability,1/1/2023,4/1/2024,96731.22,0.49,social media,B2B,organic,0.8,750903.16
Inverse non-volatile superstructure,8/6/2022,12/13/2023,27329.38,0.32,email,B2B,organic,0.6,873619.99
Multi-lateral needs-based collaboration,9/23/2022,1/25/2024,21718.66,0.51,social media,B2C,organic,0.65,838552.42
Ergonomic empowering attitude,4/26/2023,1/12/2024,80659.67,0.61,email,B2C,promotion,0.7,534572.47
Switchable secondary hierarchy,4/29/2023,11/18/2023,95913.4,0.55,email,B2B,promotion,0.91,651889.94
Ameliorated bi-directional Graphic Interface,5/7/2023,11/21/2023,34910.16,0.57,podcast,B2C,referral,0.97,613092.25
Secured attitude-oriented info-mediaries,11/14/2022,10/11/2023,51394.97,0.59,email,B2B,paid,0.41,841615.61
Enterprise-wide bandwidth-monitored toolset,8/17/2022,4/21/2024,27577.78,0.4,podcast,B2B,paid,0.4,665815.39
Compatible mobile open system,3/3/2023,5/29/2024,31618.12,0.29,webinar,B2C,paid,0.87,455453.72
Vision-oriented object-oriented structure,4/30/2023,3/24/2024,84055.7,0.57,email,B2C,referral,0.85,302692.25
Re-engineered holistic data-warehouse,10/3/2022,5/9/2024,28051.5,0.4,podcast,B2C,referral,0.36,374910.63
Multi-channeled reciprocal utilization,8/21/2022,7/10/2024,16470.61,0.9,social media,B2B,organic,0.7,533910.94
Object-based discrete strategy,7/22/2023,10/20/2023,39241.75,0.47,podcast,B2B,referral,0.59,252287.84
Customizable human-resource monitoring,3/20/2023,12/6/2023,54166.71,0.43,webinar,B2B,paid,0.15,735390.8
Synergized actuating policy,4/7/2023,6/20/2024,40958.7,0.77,podcast,B2B,promotion,0.39,921182.15
Versatile object-oriented access,6/21/2023,2/21/2024,21009.79,0.96,podcast,B2B,referral,0.54,321994.2
De-engineered 24/7 archive,6/15/2023,1/31/2024,23099.8,0.25,social media,B2C,paid,0.98,396851.15
Profit-focused multimedia concept,9/20/2022,11/4/2023,33618.7,0.54,webinar,B2C,paid,0.8,868303.57
Vision-oriented transitional process improvement,6/27/2023,11/26/2023,55436.7,0.8,podcast,B2B,organic,0.99,786705.7
Pre-emptive mission-critical knowledge user,3/8/2023,6/28/2024,73916.74,0.33,webinar,B2B,promotion,0.69,232695.36
Cross-group object-oriented moderator,8/27/2022,11/18/2023,66331.63,0.4,podcast,B2C,promotion,0.4,916634.12
Grass-roots eco-centric strategy,10/22/2022,10/25/2023,39767.24,0.95,email,B2B,paid,0.33,406566.2
Customizable global hierarchy,4/26/2023,10/12/2023,86716.38,0.74,email,B2B,paid,0.95,69360.86
Future-proofed uniform alliance,3/22/2023,6/14/2024,69474.96,0.4,email,B2B,organic,0.7,86176.18
Balanced asynchronous contingency,10/31/2022,4/7/2024,7952.69,0.8,social media,B2C,promotion,0.14,772286.49
Robust disintermediate neural-net,4/17/2023,11/15/2023,92395.78,0.37,social media,B2C,organic,0.31,949696.65
Multi-lateral dynamic encryption,4/21/2023,1/4/2024,76016.6,0.98,social media,B2B,promotion,0.38,809123.64
Customer-focused human-resource algorithm,12/15/2022,3/7/2024,32965.35,0.43,email,B2C,referral,0.77,838474.56
Re-contextualized zero-defect artificial intelligence,4/13/2023,4/2/2024,99120.34,0.34,webinar,B2B,referral,0.67,227398.12
Decentralized system-worthy neural-net,1/24/2023,10/25/2023,65906.93,0.98,email,B2B,promotion,0.9,543317.45
Reduced content-based Graphic Interface,10/26/2022,3/3/2024,16945.29,0.72,social media,B2C,referral,0.76,884669.86
De-engineered non-volatile hardware,2/10/2023,2/14/2024,41041.24,0.21,email,B2C,organic,0.51,394039.86
Intuitive system-worthy interface,12/28/2022,6/28/2024,44445.2,0.83,webinar,B2C,referral,0.39,300733.58
Networked systematic budgetary management,2/13/2023,12/20/2023,11742.47,0.49,email,B2B,organic,0.2,672241.21
Open-source radical extranet,12/9/2022,9/22/2023,68103.5,0.35,email,B2B,referral,0.56,196290.5
Monitored high-level contingency,2/17/2023,10/10/2023,26563.78,0.9,social media,B2B,paid,0.32,863720.51
Switchable actuating encryption,11/25/2022,9/14/2023,3104.48,0.16,webinar,B2C,referral,0.57,352571.87
Profit-focused actuating open architecture,1/14/2023,3/30/2024,1480.67,0.83,social media,B2C,promotion,0.89,777983.15
Compatible 5thgeneration open architecture,6/27/2023,6/9/2024,43263.23,0.97,social media,B2B,paid,0.27,284363.38
Business-focused systemic policy,8/21/2022,7/21/2024,50643.73,0.91,email,B2B,organic,0.6,630320.3
Front-line high-level encryption,3/31/2023,9/10/2023,30878.98,0.21,podcast,B2B,promotion,0.7,666756.8
Reduced analyzing moratorium,5/12/2023,8/7/2023,30319.57,0.24,email,B2B,promotion,0.19,926893.18
Configurable systematic concept,1/30/2023,12/3/2023,89283.48,0.1,email,B2B,referral,0.67,907297.81
Versatile actuating synergy,1/3/2023,1/28/2024,64733,0.21,email,B2B,referral,0.75,930401.42
Mandatory neutral ability,3/22/2023,6/17/2024,1635.98,0.23,email,B2B,organic,0.9,125526.72
Re-contextualized clear-thinking matrix,12/17/2022,2/15/2024,11395.3,0.6,social media,B2B,promotion,0.88,741815.81
Front-line neutral concept,7/9/2023,9/21/2023,24959.24,0.66,email,B2C,paid,0.73,407610.45
Synergistic optimizing approach,6/25/2023,10/13/2023,59973.81,0.45,social media,B2B,paid,0.7,314799.19
Grass-roots content-based synergy,9/3/2022,6/10/2024,11703.28,0.67,email,B2B,referral,0.46,236446.2
Cross-group web-enabled methodology,5/4/2023,3/10/2024,8250.93,0.3,podcast,B2B,paid,0.32,595779.73
Total impactful budgetary management,5/7/2023,9/29/2023,6304.42,0.13,email,B2C,organic,0.5,807283.82
Phased background toolset,10/31/2022,6/28/2024,72368.61,0.79,podcast,B2B,referral,0.33,388308.21
Cross-platform web-enabled ability,5/10/2023,6/16/2024,37696.45,0.14,email,B2C,promotion,0.28,666027.78
Quality-focused 4thgeneration database,12/8/2022,1/4/2024,6333.7,0.83,webinar,B2C,organic,0.61,119783.92
Customizable 5thgeneration instruction set,4/1/2023,6/20/2024,41704.96,0.5,social media,B2B,referral,0.85,930138.53
Automated real-time productivity,2/26/2023,2/11/2024,72322.94,0.8,podcast,B2C,paid,0.74,776223.2
Advanced systematic complexity,6/10/2023,4/11/2024,1873.52,0.95,podcast,B2C,organic,0.54,989733.25
Re-engineered reciprocal infrastructure,5/2/2023,5/14/2024,38080.5,0.78,podcast,B2C,paid,0.78,568518.95
Customer-focused holistic orchestration,7/7/2023,8/10/2023,2412.93,0.3,social media,B2C,paid,0.8,651779.82
Cross-group homogeneous forecast,3/10/2023,12/4/2023,46645.57,0.9,webinar,B2C,referral,0.8,67759.8
Customizable optimizing benchmark,6/6/2023,1/18/2024,41799.29,0.35,social media,B2B,referral,0.54,923943.17
Proactive empowering adapter,8/15/2022,9/26/2023,74447.6,0.46,email,B2C,referral,0.18,694021.69
Persevering bi-directional project,3/19/2023,10/23/2023,98135.86,0.74,social media,B2C,promotion,0.76,240715.35
Digitized clear-thinking monitoring,8/16/2022,10/20/2023,10464.29,0.11,podcast,B2B,referral,0.89,111736.4
Multi-layered global complexity,11/16/2022,11/3/2023,78944.71,0.19,email,B2C,referral,0.24,596911.92
Cross-group bottom-line orchestration,12/12/2022,9/29/2023,30937.43,0.78,email,B2C,referral,0.64,924081.5
Expanded methodical instruction set,7/22/2023,3/8/2024,94173.28,0.19,webinar,B2C,referral,0.16,794007.52
Enhanced upward-trending solution,9/23/2022,7/4/2024,61866.52,0.93,podcast,B2C,organic,0.18,628337.1
Advanced client-driven matrix,7/2/2023,6/24/2024,58920.71,0.74,social media,B2B,organic,0.99,416433.63
Re-engineered 6thgeneration time-frame,12/20/2022,2/8/2024,70889.3,0.61,webinar,B2C,referral,0.1,260331.7
Quality-focused responsive framework,7/10/2023,8/3/2023,38390.23,0.72,podcast,B2B,paid,0.57,261442.83
Optimized 3rdgeneration superstructure,1/7/2023,3/22/2024,32272.85,0.43,email,B2B,organic,0.4,554858.76
Robust dedicated solution,9/20/2022,4/5/2024,21179.55,0.71,social media,B2C,paid,0.76,265776.88
Right-sized tangible moratorium,9/14/2022,5/6/2024,71463.45,0.18,podcast,B2B,organic,0.53,149895.53
Integrated real-time archive,6/20/2023,5/9/2024,63986.6,0.14,social media,B2C,paid,0.94,551193.1
Organized uniform infrastructure,3/20/2023,7/22/2024,23859.94,0.2,social media,B2C,organic,0.48,375316.11
Future-proofed next generation software,5/30/2023,12/19/2023,29099.8,0.9,podcast,B2B,organic,0.89,89208.38
Cross-group foreground array,4/12/2023,1/19/2024,92494.15,0.82,podcast,B2C,organic,0.23,772563.51
Advanced multi-state portal,2/25/2023,3/12/2024,72412.24,0.74,webinar,B2C,organic,0.12,221613.6
Visionary tangible Graphic Interface,9/11/2022,11/12/2023,84482.9,0.21,webinar,B2B,promotion,0.7,268528.69
Business-focused tertiary focus group,7/29/2023,12/21/2023,46349.76,0.27,email,B2C,referral,0.98,400371
Down-sized high-level productivity,4/29/2023,5/15/2024,5574.74,0.26,webinar,B2B,paid,0.2,854030.38
Fundamental didactic algorithm,7/25/2023,9/4/2023,71885.41,0.49,email,B2B,promotion,0.4,111886.45
Pre-emptive exuding monitoring,6/27/2023,1/22/2024,37473.84,0.87,email,B2B,paid,0.4,681357.44
Organized client-driven array,1/1/2023,5/31/2024,72744.5,0.36,podcast,B2B,organic,0.74,482042.7
Fully-configurable global leverage,11/16/2022,2/21/2024,35636.25,0.5,podcast,B2C,paid,0.23,269170.99
Right-sized stable open architecture,4/23/2023,10/30/2023,84406.19,0.44,email,B2C,paid,0.2,735873.39
Synchronized zero administration structure,4/15/2023,9/17/2023,88977.21,0.99,podcast,B2B,promotion,0.13,396317.2
Visionary user-facing pricing structure,11/27/2022,6/5/2024,41408.95,0.63,email,B2C,promotion,0.18,158223.9
Team-oriented bifurcated capability,6/26/2023,1/9/2024,9611.89,0.11,email,B2C,organic,0.3,582427.27
Persevering tangible hardware,6/8/2023,8/2/2023,67475.35,0.5,email,B2B,promotion,0.22,53555.95
Triple-buffered cohesive encryption,11/7/2022,7/13/2024,81254.51,0.89,social media,B2B,paid,0.94,685633.82
Automated encompassing archive,3/5/2023,6/17/2024,83804.53,0.23,podcast,B2C,paid,0.36,902554.32
Devolved intermediate middleware,9/18/2022,8/14/2023,41307.73,0.76,podcast,B2C,referral,0.53,729614.63
Triple-buffered high-level customer loyalty,1/1/2023,9/20/2023,78803.16,0.99,email,B2B,organic,0.75,562224.77
Intuitive exuding concept,9/14/2022,8/24/2023,64551.2,0.33,email,B2C,promotion,0.12,280467.96
Extended optimizing infrastructure,6/29/2023,5/17/2024,14126.24,0.63,webinar,B2B,referral,0.82,530692.88
Stand-alone tertiary methodology,2/21/2023,6/9/2024,35614.3,0.79,social media,B2C,organic,0.19,652650.72
Extended context-sensitive Graphical User Interface,4/8/2023,9/5/2023,42616.8,0.53,email,B2B,organic,0.48,512829.15
Integrated user-facing encoding,9/21/2022,4/9/2024,59207.21,0.79,social media,B2B,paid,0.48,914372.53
Cross-group reciprocal hub,5/24/2023,12/27/2023,76911.16,0.69,webinar,B2B,organic,0.51,565155.23
Down-sized uniform productivity,1/26/2023,5/21/2024,10395.39,0.48,social media,B2C,organic,0.95,963552.88
Versatile asymmetric protocol,11/23/2022,11/23/2023,78873.15,0.92,webinar,B2C,promotion,0.6,287495.18
Polarized empowering neural-net,4/27/2023,1/22/2024,18458.17,0.37,email,B2B,promotion,0.88,520022.1
Versatile bandwidth-monitored time-frame,6/24/2023,11/2/2023,37360.8,0.96,email,B2B,organic,0.82,979402.44
Seamless explicit policy,4/3/2023,6/19/2024,94502.9,0.78,podcast,B2C,referral,0.2,823630.82
Sharable neutral implementation,11/10/2022,7/1/2024,90021.62,0.82,social media,B2B,referral,0.43,454635.47
Progressive composite access,7/30/2023,12/14/2023,5777.28,0.23,email,B2C,promotion,0.27,421551.62
Assimilated intangible pricing structure,1/8/2023,7/6/2024,62734.3,0.53,webinar,B2B,promotion,0.59,905539.68
Public-key optimizing protocol,8/3/2022,12/29/2023,61172.36,0.6,podcast,B2C,referral,0.13,277685.24
Compatible bottom-line core,1/10/2023,8/11/2023,27219.52,0.53,podcast,B2B,organic,0.6,867347.6
Face-to-face mobile knowledge user,9/20/2022,4/16/2024,66351.49,0.78,social media,B2C,referral,0.5,251189.68
Seamless reciprocal complexity,1/3/2023,12/15/2023,20786.4,0.4,podcast,B2C,paid,0.53,253649.14
Mandatory exuding model,2/26/2023,10/26/2023,32177.54,0.18,webinar,B2B,organic,0.5,464661
Digitized intangible Graphical User Interface,9/8/2022,10/27/2023,90484.19,0.23,podcast,B2C,promotion,0.54,982518.87
Profound demand-driven secured line,3/19/2023,1/29/2024,71007.37,0.1,email,B2C,paid,0.92,777359.75
Right-sized needs-based solution,8/9/2022,4/6/2024,65209.95,0.37,email,B2B,organic,0.48,119853
Seamless dynamic framework,4/29/2023,2/13/2024,54554.48,0.21,podcast,B2B,promotion,0.89,222731.21
Re-contextualized upward-trending architecture,1/7/2023,8/20/2023,18530.72,0.85,social media,B2C,promotion,0.79,315733.7
Cloned logistical analyzer,8/15/2022,8/31/2023,56508.18,0.44,webinar,B2B,paid,0.71,839620.4
Centralized value-added superstructure,8/8/2022,5/20/2024,23692.97,0.35,webinar,B2B,organic,0.77,688901.13
Proactive bifurcated architecture,11/25/2022,4/21/2024,74431.67,0.85,email,B2B,promotion,0.52,20979.33
Triple-buffered client-server portal,3/17/2023,12/5/2023,6793.37,0.78,email,B2C,paid,0.72,396734.21
Organic demand-driven support,3/30/2023,2/12/2024,69644.4,0.56,podcast,B2B,referral,0.2,426548.11
Realigned methodical artificial intelligence,5/23/2023,6/16/2024,66054.48,0.3,email,B2B,paid,0.31,865754.6
Object-based demand-driven installation,10/26/2022,12/25/2023,68408.1,0.58,webinar,B2B,referral,0.11,153122.51
Ameliorated actuating policy,8/26/2022,4/23/2024,44314.41,0.7,podcast,B2B,organic,0.53,461585.16
Public-key disintermediate neural-net,11/13/2022,7/24/2024,31427.3,0.36,social media,B2C,promotion,0.39,173127.66
Upgradable contextually-based Graphic Interface,8/25/2022,1/8/2024,80418.44,0.24,webinar,B2B,promotion,0.91,476196.94
Integrated client-server software,9/23/2022,12/13/2023,20633.51,0.57,webinar,B2C,organic,0.51,400052.8
Innovative intangible emulation,11/18/2022,5/19/2024,2792.69,0.2,webinar,B2C,referral,0.43,503319.66
Fundamental incremental service-desk,1/2/2023,10/30/2023,8053.59,0.49,email,B2B,organic,0.46,781401.65
Proactive motivating open architecture,3/17/2023,11/10/2023,62167.9,0.8,email,B2C,paid,0.85,419872.14
Business-focused attitude-oriented middleware,5/29/2023,12/16/2023,63741.76,0.61,social media,B2C,promotion,0.1,141376.44
Balanced empowering info-mediaries,9/21/2022,6/18/2024,49202.14,0.64,email,B2B,promotion,0.9,564219.74
User-friendly dynamic monitoring,4/9/2023,11/18/2023,44567.53,0.38,podcast,B2B,referral,0.7,211752.49
Multi-channeled zero administration standardization,4/16/2023,9/9/2023,89826.92,0.11,webinar,B2B,promotion,0.52,713631.59
Optimized methodical installation,4/12/2023,3/30/2024,86447.45,0.32,webinar,B2C,referral,0.65,765775.14
Proactive regional conglomeration,8/3/2022,3/29/2024,11421.4,0.37,social media,B2B,referral,0.4,265099.33
Multi-lateral user-facing solution,7/13/2023,6/13/2024,68334.64,0.69,social media,B2C,promotion,0.97,169559.8
Integrated analyzing focus group,4/13/2023,6/27/2024,21878.6,0.77,podcast,B2B,paid,0.8,464823.41
Centralized contextually-based middleware,3/3/2023,5/28/2024,12949.94,0.97,social media,B2B,referral,0.77,494905.94
Switchable modular solution,9/21/2022,7/13/2024,9569.17,0.78,webinar,B2B,promotion,0.55,571288.98
Reverse-engineered next generation emulation,2/4/2023,7/16/2024,88518.7,0.38,email,B2B,promotion,0.58,177753.54
Quality-focused mission-critical analyzer,3/1/2023,12/8/2023,25282.77,0.72,podcast,B2B,promotion,0.61,416092.89
Innovative local workforce,9/19/2022,10/7/2023,17151.7,0.6,webinar,B2B,referral,0.8,519646.35
Expanded scalable process improvement,10/9/2022,7/3/2024,53821.3,0.58,webinar,B2C,organic,0.64,504842.98
Devolved responsive software,6/20/2023,4/8/2024,57242,0.45,podcast,B2B,referral,0.39,303600.48
Object-based bandwidth-monitored moderator,3/4/2023,8/21/2023,60540.16,0.37,social media,B2B,paid,0.77,363933.17
Realigned responsive Graphical User Interface,4/1/2023,2/26/2024,58942.77,0.62,webinar,B2B,promotion,0.36,21603.2
User-friendly directional ability,2/19/2023,5/4/2024,29071.82,0.63,podcast,B2B,referral,0.76,230294.51
Open-source intermediate benchmark,11/4/2022,10/18/2023,5676.22,0.6,podcast,B2C,organic,0.2,173724.64
Function-based zero-defect policy,3/14/2023,4/29/2024,73071.43,0.6,email,B2B,organic,0.71,495585.22
Face-to-face grid-enabled workforce,11/27/2022,8/31/2023,82353.71,0.18,podcast,B2C,paid,0.12,460827.6
Cross-platform secondary functionalities,4/15/2023,6/29/2024,98712.39,0.22,email,B2C,organic,0.42,755879.46
Implemented multi-tasking emulation,11/13/2022,7/30/2024,10934.43,0.26,webinar,B2C,promotion,0.66,892351.21
Self-enabling incremental success,7/14/2023,5/9/2024,17049.14,0.4,podcast,B2B,referral,0.49,571810.89
Cloned contextually-based contingency,3/30/2023,6/19/2024,85238.23,0.59,social media,B2C,paid,0.92,595765.41
Self-enabling intermediate time-frame,11/13/2022,11/27/2023,55709.15,0.56,social media,B2B,promotion,0.73,681690.46
Organic 3rdgeneration conglomeration,3/31/2023,10/26/2023,39804.32,0.13,webinar,B2C,referral,0.52,522492.25
Managed bandwidth-monitored time-frame,2/21/2023,10/17/2023,92196.9,0.4,email,B2B,promotion,0.87,398617.27
Extended executive budgetary management,6/25/2023,9/13/2023,73821.98,0.81,email,B2C,promotion,0.35,173058.11
Fully-configurable human-resource encryption,11/5/2022,8/13/2023,57144.48,0.75,webinar,B2C,referral,0.9,516187.33
Organic directional utilization,8/11/2022,1/31/2024,24300.83,0.57,podcast,B2B,referral,0.64,764590.33
Enhanced empowering conglomeration,11/26/2022,8/8/2023,94697.82,0.22,podcast,B2C,paid,0.78,347899.84
Open-architected asymmetric extranet,6/14/2023,4/7/2024,97456.14,0.3,social media,B2B,organic,0.63,256244.86
Multi-lateral 6thgeneration benchmark,9/2/2022,4/22/2024,87665.6,0.51,podcast,B2B,promotion,0.56,10257.4
Fully-configurable asymmetric moderator,3/16/2023,12/29/2023,86652.2,0.66,social media,B2C,promotion,0.56,261296.54
Balanced mission-critical budgetary management,11/27/2022,8/22/2023,69094.64,0.8,email,B2B,referral,0.49,709300.16
Robust contextually-based knowledgebase,8/21/2022,7/9/2024,97758.67,0.33,podcast,B2C,referral,0.82,624479.51
Extended solution-oriented capacity,12/4/2022,4/16/2024,83834.2,0.33,webinar,B2B,organic,0.31,896314.18
Persistent upward-trending Graphical User Interface,6/1/2023,7/3/2024,14858.38,0.12,email,B2B,promotion,0.57,317944.61
Multi-tiered disintermediate parallelism,5/11/2023,5/15/2024,57198.5,0.9,email,B2C,referral,0.38,918303.1
Intuitive well-modulated support,8/14/2022,7/30/2024,94357.67,0.8,email,B2C,organic,0.14,988161.51
Function-based zero-defect capability,4/6/2023,3/11/2024,19142.15,0.51,podcast,B2C,referral,0.18,597625.15
Integrated national architecture,7/14/2023,7/31/2024,32039.7,0.86,social media,B2B,referral,0.97,334033.28
Horizontal tangible focus group,7/18/2023,5/7/2024,82834.56,0.4,email,B2C,paid,0.18,592739.43
Reduced needs-based approach,3/10/2023,6/22/2024,86489.51,0.77,webinar,B2C,paid,0.76,815566.88
Robust human-resource instruction set,9/20/2022,12/25/2023,67375.9,0.25,webinar,B2B,referral,0.77,513716.43
Grass-roots asynchronous knowledgebase,5/10/2023,12/9/2023,17355.98,0.74,social media,B2B,referral,0.48,9695.94
Synergized 24/7 interface,11/9/2022,8/2/2023,22675.22,0.52,webinar,B2B,referral,0.78,402920.91
Re-contextualized uniform interface,12/28/2022,10/2/2023,68727.53,0.33,webinar,B2B,referral,0.12,266449.67
Automated executive moderator,9/3/2022,1/6/2024,65864.61,0.29,social media,B2B,promotion,0.19,999317.92
Front-line national Graphic Interface,12/8/2022,4/29/2024,20823.67,0.81,email,B2C,paid,0.38,648404.63
Function-based 3rdgeneration Graphical User Interface,3/23/2023,11/7/2023,22088.95,0.31,podcast,B2C,organic,0.71,693169.8
Customizable bi-directional functionalities,1/11/2023,8/15/2023,39804.7,0.36,email,B2C,promotion,0.96,914417.1
Innovative uniform adapter,3/10/2023,3/28/2024,54266.94,0.62,email,B2C,organic,0.64,573869.28
Switchable neutral algorithm,5/1/2023,12/12/2023,59805.35,0.54,podcast,B2C,paid,0.64,974539.8
Operative 5thgeneration superstructure,7/2/2023,10/21/2023,59767.18,0.51,podcast,B2C,organic,0.59,842318.7
Triple-buffered didactic monitoring,12/28/2022,11/22/2023,35082.9,0.67,podcast,B2B,promotion,0.5,193585.62
Realigned scalable moderator,4/7/2023,10/3/2023,55780.6,0.54,email,B2B,referral,0.19,996578.25
Multi-lateral responsive info-mediaries,5/13/2023,9/24/2023,34344.65,0.67,webinar,B2C,referral,0.91,228461.91
Grass-roots directional help-desk,3/22/2023,8/19/2023,62805.97,0.94,social media,B2C,referral,0.62,318869.86
Reduced didactic leverage,8/6/2022,11/3/2023,12895.48,0.95,social media,B2B,referral,0.9,619182.58
Total methodical array,12/31/2022,6/26/2024,20586.89,0.13,podcast,B2B,referral,0.82,364266.44
Balanced optimizing challenge,5/28/2023,4/14/2024,45083.57,0.51,webinar,B2C,organic,0.69,743998.41
Persevering disintermediate parallelism,9/15/2022,11/30/2023,19393.55,0.59,email,B2C,promotion,0.71,513490.43
Horizontal system-worthy neural-net,6/9/2023,9/20/2023,77848.2,0.65,webinar,B2C,paid,0.74,753981.45
Grass-roots multi-tasking throughput,5/21/2023,7/11/2024,13087.55,0.43,podcast,B2C,organic,0.21,293380.77
Intuitive didactic interface,9/6/2022,7/17/2024,41350.29,0.82,email,B2C,paid,0.18,953178.97
Enterprise-wide non-volatile hardware,3/6/2023,9/9/2023,82065.39,0.81,webinar,B2C,referral,0.24,52944
Reduced actuating toolset,6/23/2023,2/20/2024,14225.39,0.45,webinar,B2C,paid,0.51,215641.53
Front-line value-added alliance,1/16/2023,12/5/2023,28165.81,0.37,social media,B2B,promotion,0.3,269187.84
Organic regional open architecture,9/4/2022,2/25/2024,21006.57,0.27,social media,B2B,paid,0.59,653863.78
Function-based dedicated database,7/20/2023,8/11/2023,49513.98,0.53,webinar,B2B,referral,0.39,364635.64
Monitored even-keeled encryption,9/30/2022,2/14/2024,83745.94,0.13,email,B2B,promotion,0.21,415745.84
Stand-alone zero-defect contingency,1/6/2023,3/15/2024,10894.5,0.32,podcast,B2C,paid,0.96,74641.15
Exclusive bi-directional architecture,4/3/2023,2/23/2024,52366.3,0.99,podcast,B2B,paid,0.21,852040.1
Optional real-time installation,4/10/2023,5/3/2024,80463.24,0.19,email,B2C,paid,0.88,780686.73
Proactive 6thgeneration interface,5/6/2023,4/18/2024,2990.39,0.58,podcast,B2B,organic,0.62,568028.33
Synchronized fresh-thinking functionalities,10/1/2022,5/5/2024,43575.1,0.44,social media,B2C,promotion,0.8,735883.2
Multi-layered coherent instruction set,6/23/2023,12/6/2023,26628.67,0.59,email,B2B,promotion,0.3,705889.68
Reduced attitude-oriented model,5/14/2023,12/16/2023,14188.58,0.39,email,B2B,promotion,0.13,545673.57
Exclusive 3rdgeneration definition,10/5/2022,11/14/2023,95454.75,0.42,webinar,B2C,promotion,0.92,656823.42
Multi-lateral value-added encryption,11/14/2022,3/5/2024,73923.82,0.67,webinar,B2C,promotion,0.91,234741.14
Synchronized client-server concept,8/8/2022,12/6/2023,58913.37,0.89,email,B2B,paid,0,518001.77
Total regional open system,8/30/2022,12/30/2023,63015.1,0.21,podcast,B2C,organic,0.28,375915.84
Optional uniform projection,7/31/2023,3/23/2024,13418.23,0.64,podcast,B2B,referral,0.94,160381.96
Universal regional open architecture,10/22/2022,7/15/2024,78420.98,0.35,podcast,B2C,promotion,0.78,723243.77
Quality-focused regional database,3/6/2023,8/26/2023,47487.19,0.76,podcast,B2B,organic,0.71,714495.43
Enhanced neutral encryption,5/25/2023,2/10/2024,44782.56,0.33,podcast,B2C,referral,0.46,561816.86
Secured stable process improvement,5/28/2023,1/9/2024,93037.93,0.45,podcast,B2B,referral,0.52,669136.1
Multi-channeled 24/7 implementation,4/9/2023,5/3/2024,4888.71,0.98,email,B2C,referral,0.76,386978.7
Operative intermediate alliance,9/17/2022,11/12/2023,2523.19,0.9,webinar,B2B,promotion,0.69,781037.44
Synergistic asymmetric task-force,7/17/2023,12/14/2023,26419.1,0.35,podcast,B2C,referral,0.29,64408.3
Self-enabling 3rdgeneration migration,8/30/2022,4/12/2024,70705.99,0.51,podcast,B2B,organic,0.44,859502.9
Decentralized multimedia open architecture,4/25/2023,7/24/2024,49206.43,0.15,webinar,B2B,promotion,0.18,33048.36
Optional responsive approach,6/23/2023,8/15/2023,96511.42,0,email,B2C,referral,0.4,526682.95
Programmable fault-tolerant intranet,10/1/2022,2/17/2024,47198.52,0.8,email,B2B,paid,0,294588.36
Multi-tiered stable focus group,5/7/2023,7/3/2024,36050.73,0.58,email,B2B,paid,0.88,529761.7
Diverse even-keeled customer loyalty,5/3/2023,9/21/2023,92591.26,0.56,webinar,B2B,organic,0.75,416169
Inverse neutral strategy,7/28/2023,8/19/2023,21426.33,0.91,email,B2C,referral,0.21,198577.84
Intuitive foreground access,6/12/2023,12/5/2023,43491.12,0.13,podcast,B2B,paid,0.49,242866.77
Universal 24/7 strategy,12/18/2022,12/22/2023,85026.27,0.17,webinar,B2C,paid,0.78,37752.49
Managed well-modulated artificial intelligence,4/7/2023,7/27/2024,70113.41,0.66,webinar,B2B,organic,0.15,576877.42
Inverse dynamic flexibility,7/26/2023,6/17/2024,19497.93,0.98,email,B2B,organic,0.44,554696.15
Optional context-sensitive standardization,2/25/2023,3/6/2024,68805.2,0.17,webinar,B2C,organic,0.43,832986.82
Organized fault-tolerant forecast,1/29/2023,12/20/2023,86544.19,0.61,email,B2C,paid,0.89,470646.48
Multi-layered neutral capacity,2/26/2023,1/31/2024,55609.69,0.78,webinar,B2C,promotion,0.35,338956.86
Re-engineered 6thgeneration access,9/20/2022,10/6/2023,46919.95,0.5,podcast,B2C,promotion,0.72,482058.25
Inverse context-sensitive middleware,6/18/2023,8/6/2023,12991.78,0.91,social media,B2B,referral,0.81,50038.34
Multi-lateral cohesive access,12/12/2022,10/9/2023,88842.63,0.32,webinar,B2C,paid,0.97,743450.84
Seamless asymmetric core,3/2/2023,8/24/2023,88036.35,0.55,email,B2C,paid,0.96,372199.48
Automated tangible frame,12/17/2022,1/19/2024,90591.66,0.68,podcast,B2B,promotion,0.54,701988.4
Centralized modular Graphical User Interface,5/13/2023,4/11/2024,90434.18,0.53,email,B2C,paid,0.48,298831.91
Organic actuating firmware,7/7/2023,10/3/2023,38665.1,0.14,email,B2B,paid,0.29,74042.78
Organized demand-driven parallelism,10/17/2022,6/9/2024,21791.46,0.82,webinar,B2B,promotion,0.87,933125.94
Enterprise-wide intangible concept,11/16/2022,8/26/2023,56663.23,0.66,social media,B2B,referral,0,974349.5
Re-contextualized 24/7 policy,5/19/2023,9/12/2023,5057.31,0.31,webinar,B2C,paid,0.89,725945.11
Virtual client-driven benchmark,5/9/2023,2/2/2024,77036.39,0.78,webinar,B2B,paid,0.95,250572.82
Digitized value-added access,5/3/2023,12/21/2023,37988.85,0.48,podcast,B2C,promotion,0.34,805684.2
Streamlined bifurcated extranet,9/28/2022,6/6/2024,36751.1,0.74,webinar,B2B,promotion,0.47,51103.46
Re-engineered heuristic conglomeration,11/13/2022,1/25/2024,49256.5,0.17,podcast,B2C,paid,0.87,311979.25
Adaptive empowering contingency,3/27/2023,3/4/2024,31145.23,0.54,webinar,B2B,referral,0.8,34167.86
Balanced national firmware,8/31/2022,11/17/2023,41188.16,0.9,social media,B2B,referral,0.68,811151.68
Re-engineered neutral concept,10/18/2022,1/13/2024,41672.13,0.57,social media,B2C,promotion,0.2,262019.8
User-friendly encompassing functionalities,2/3/2023,7/18/2024,80301.86,0.43,podcast,B2B,promotion,0.73,77385.32
Enhanced bifurcated solution,10/30/2022,9/9/2023,10618.97,0.87,webinar,B2B,promotion,0.92,704819.76
Monitored regional complexity,11/2/2022,11/20/2023,76690.16,0.39,webinar,B2B,paid,0.56,227037.77
Persistent incremental neural-net,8/15/2022,5/6/2024,43349.83,0.34,podcast,B2C,paid,0.68,255076.72
Cross-platform client-server circuit,4/19/2023,2/22/2024,67118.97,0.9,webinar,B2B,promotion,0.53,382745.39
Customizable clear-thinking adapter,7/22/2023,4/30/2024,74856.71,0.43,podcast,B2B,referral,0.99,266833.31
Up-sized multi-state database,6/17/2023,2/8/2024,99343.38,0.6,podcast,B2B,paid,0.96,466268.52
Object-based didactic intranet,7/21/2023,6/17/2024,6430.7,0.64,social media,B2B,paid,0.46,986258.1
Multi-lateral tangible framework,10/5/2022,10/3/2023,99248.28,0.31,social media,B2B,organic,0.32,541733.65
Profound multimedia framework,11/4/2022,5/28/2024,7954.2,0.98,webinar,B2B,paid,0.81,604761.26
Object-based intermediate attitude,11/5/2022,2/17/2024,2698.11,0.56,social media,B2B,paid,0.17,876092.32
Horizontal maximized moderator,1/15/2023,5/3/2024,57491.61,0.15,webinar,B2C,promotion,0.86,220710.44
Innovative intangible complexity,9/3/2022,3/4/2024,19992.62,0.46,social media,B2C,referral,0.62,910901.4
Compatible 6thgeneration portal,7/6/2023,7/11/2024,40419.75,0.3,webinar,B2B,organic,0.76,478886.94
De-engineered foreground attitude,2/6/2023,4/2/2024,75267.4,0.16,social media,B2B,referral,0.49,845286.27
Public-key directional orchestration,2/26/2023,4/14/2024,52485.67,0.18,email,B2C,paid,0.65,593541.4
Optimized content-based matrix,1/17/2023,1/22/2024,33107.4,0.79,social media,B2C,paid,0.1,796971.65
De-engineered bandwidth-monitored solution,3/5/2023,12/23/2023,53505.82,0.75,email,B2B,paid,0.62,833607.67
Horizontal asymmetric contingency,9/16/2022,5/8/2024,99714.19,0.23,email,B2C,referral,0.7,7622.28
Grass-roots non-volatile hub,11/28/2022,5/11/2024,91458.81,0.86,podcast,B2B,promotion,0.84,679885.89
Reverse-engineered attitude-oriented task-force,3/12/2023,7/28/2024,82832.93,0.73,social media,B2B,organic,0.99,974376.54
Synergized mission-critical conglomeration,7/22/2023,3/23/2024,84628.79,0.38,webinar,B2B,organic,0.18,27207.72
Configurable transitional data-warehouse,5/8/2023,3/22/2024,64944.48,0.4,email,B2B,referral,0.98,881173.83
Ergonomic global project,5/12/2023,6/4/2024,78379.56,0.85,webinar,B2B,promotion,0.29,152577.96
Sharable 24/7 Graphic Interface,5/9/2023,5/13/2024,24433.75,0.41,social media,B2B,referral,0.23,184897.69
Progressive directional secured line,12/27/2022,1/18/2024,74898.2,0.21,webinar,B2B,referral,0.79,462470.31
Compatible tertiary alliance,8/9/2022,7/2/2024,3934.75,0.2,webinar,B2B,promotion,0.25,89250.13
Face-to-face 6thgeneration methodology,6/22/2023,6/2/2024,64308.7,0.79,webinar,B2B,referral,0.85,834244.46
Customer-focused asymmetric workforce,5/24/2023,1/23/2024,76873.7,0.26,social media,B2C,paid,0.16,975307.6
Profound reciprocal forecast,11/20/2022,5/16/2024,76690.9,0.81,social media,B2C,paid,0.71,733753.88
De-engineered high-level functionalities,3/20/2023,12/16/2023,53478.93,0.23,podcast,B2C,referral,0.45,985115.73
Reverse-engineered upward-trending core,7/7/2023,9/23/2023,41516.78,0.41,social media,B2B,organic,0.23,272303.25
Future-proofed zero administration attitude,11/16/2022,6/22/2024,69169.4,0.4,webinar,B2C,organic,0.11,218950.95
Mandatory intermediate neural-net,12/22/2022,6/20/2024,95593.18,0.26,social media,B2B,organic,0.76,904158.64
Team-oriented discrete benchmark,3/16/2023,8/5/2023,2970.45,0.71,webinar,B2C,promotion,0.19,712043.2
Cloned scalable frame,12/30/2022,8/18/2023,4839.55,0.67,webinar,B2B,promotion,0,250403.29
Profit-focused 5thgeneration standardization,1/3/2023,6/6/2024,70530.3,0.52,email,B2C,promotion,0.81,770120.35
Distributed asymmetric frame,4/15/2023,3/28/2024,78889.49,0.74,podcast,B2C,paid,0.12,845440.9
Vision-oriented 4thgeneration groupware,3/3/2023,2/28/2024,76029.54,0.3,podcast,B2B,organic,0.26,267482
Persistent methodical Graphical User Interface,9/11/2022,5/11/2024,37369.74,0.85,webinar,B2C,organic,0.24,669953.74
Integrated didactic circuit,9/15/2022,5/2/2024,43026.77,0.46,podcast,B2C,referral,0.92,248301.18
Expanded system-worthy collaboration,12/16/2022,2/1/2024,86687.38,0.32,email,B2B,referral,0.46,294566.58
Grass-roots client-server middleware,1/4/2023,11/10/2023,41458.15,0.97,email,B2B,paid,0.21,924885.11
Universal systemic utilization,5/22/2023,10/16/2023,78294.27,0.33,webinar,B2B,paid,0.57,643279.88
Expanded system-worthy flexibility,10/22/2022,6/22/2024,61204.36,0.4,social media,B2B,promotion,0.8,235658.56
Customizable homogeneous policy,3/29/2023,3/27/2024,75087.14,0.29,social media,B2C,referral,0.2,464001.7
Visionary local paradigm,2/13/2023,9/6/2023,87595.32,0.36,podcast,B2C,paid,0.8,194771.92
Persevering 24/7 complexity,1/22/2023,11/21/2023,31000.36,0.4,email,B2C,promotion,0.28,387283.38
Visionary multimedia synergy,1/19/2023,1/14/2024,25100.93,0.77,webinar,B2B,paid,0.17,267820.25
Automated radical access,2/25/2023,10/5/2023,40413.87,0.23,webinar,B2B,organic,0.4,95705.91
Inverse transitional artificial intelligence,6/2/2023,11/26/2023,2667.65,0.29,podcast,B2B,referral,0.1,861573.13
Down-sized modular conglomeration,1/16/2023,8/13/2023,15210.7,0.16,podcast,B2C,paid,0.79,374169.78
Robust next generation protocol,10/21/2022,3/12/2024,55331.1,0.14,webinar,B2C,paid,0.22,353720.66
Innovative exuding toolset,1/24/2023,12/28/2023,86461.82,0.2,social media,B2C,organic,0.52,819254.95
Streamlined holistic toolset,2/23/2023,3/15/2024,82520.55,0.64,webinar,B2B,paid,0.43,822593.79
Managed global capacity,5/13/2023,3/5/2024,14593.14,0.87,social media,B2C,paid,0.28,771828.11
Phased systematic interface,2/5/2023,5/18/2024,3083.5,0.42,social media,B2C,paid,0.13,494155.17
Persistent methodical info-mediaries,8/9/2022,10/12/2023,67207.89,0.41,email,B2C,promotion,0.74,670908.37
Up-sized maximized capability,5/11/2023,5/6/2024,57934.37,0.93,social media,B2B,promotion,0.28,805755.38
Distributed scalable moratorium,8/7/2022,6/25/2024,21399.83,0.87,social media,B2B,promotion,0.89,204659.89
Inverse stable process improvement,6/25/2023,4/22/2024,43101.14,0.78,webinar,B2C,paid,0.81,470664.64
Multi-tiered high-level protocol,12/28/2022,10/19/2023,44514.72,0.89,podcast,B2C,paid,0.97,402165.58
Synergized 6thgeneration interface,4/22/2023,6/14/2024,23901.39,0.9,email,B2C,referral,0.25,918190.34
Seamless attitude-oriented architecture,9/7/2022,11/20/2023,67575.94,0.1,email,B2B,organic,0.51,990939.91
Centralized zero tolerance infrastructure,3/11/2023,11/6/2023,86627.2,0.13,webinar,B2B,promotion,0.21,446384.91
Focused motivating strategy,7/31/2023,11/1/2023,44640.33,0.79,social media,B2C,organic,0.69,935541.35
Function-based leadingedge budgetary management,12/16/2022,8/23/2023,64755.7,0.63,webinar,B2B,referral,0.2,996493.1
Right-sized next generation solution,9/27/2022,3/26/2024,95256.19,0.54,podcast,B2C,referral,0.65,84562.94
Assimilated local framework,1/7/2023,6/5/2024,82461.13,0.55,social media,B2B,organic,0.8,285843.42
Enterprise-wide bottom-line superstructure,4/24/2023,10/10/2023,1407.21,0.72,webinar,B2B,promotion,0.57,112057.31
Triple-buffered bi-directional extranet,7/5/2023,11/2/2023,26990.81,0.81,email,B2C,referral,0.75,228421.55
Down-sized systemic open architecture,11/14/2022,2/25/2024,43113.83,0.35,webinar,B2B,organic,0.33,317940.22
Optional composite secured line,6/5/2023,2/13/2024,99250.38,0.78,webinar,B2B,referral,0.37,149879.61
Self-enabling non-volatile core,7/28/2023,3/16/2024,3884.46,0.44,podcast,B2B,organic,0.86,637965.2
Multi-tiered context-sensitive hub,6/20/2023,5/24/2024,1380.68,0.46,podcast,B2C,promotion,0.84,159621.36
Optimized 4thgeneration hub,4/2/2023,6/28/2024,36530.3,0.16,podcast,B2C,referral,0.13,467146.31
Re-engineered methodical methodology,6/2/2023,7/5/2024,86154.71,0.96,social media,B2B,paid,0.8,967152.2
Sharable cohesive focus group,8/27/2022,11/3/2023,88536.97,0.39,email,B2B,paid,0.92,229463.61
Mandatory multi-tasking hardware,9/8/2022,12/27/2023,35256.99,0.2,email,B2B,organic,0.7,590224.33
User-friendly radical conglomeration,11/2/2022,7/17/2024,61599.99,0.86,webinar,B2C,organic,0.93,395935.5
Ameliorated attitude-oriented flexibility,10/11/2022,6/15/2024,75404.87,0.5,email,B2C,referral,0.55,132316.32
Visionary methodical workforce,1/27/2023,3/25/2024,36063.47,0.28,podcast,B2C,promotion,0.67,731497.44
Future-proofed 4thgeneration core,11/7/2022,4/7/2024,17378.68,0.99,podcast,B2B,referral,0.88,746880.8
Networked system-worthy solution,4/28/2023,2/22/2024,70575.1,0.55,social media,B2B,paid,0.62,169122.94
Cross-group zero administration model,1/23/2023,10/9/2023,75677.68,0.97,social media,B2B,paid,0.16,601591.49
Organized static alliance,1/23/2023,10/4/2023,20309.3,0.35,webinar,B2B,promotion,0.84,854903.83
Face-to-face scalable definition,6/13/2023,4/26/2024,76484.11,0.88,podcast,B2B,paid,0.41,24367.21
Programmable tertiary installation,11/22/2022,4/17/2024,20983.45,0.22,webinar,B2C,promotion,0.94,714628.56
Reverse-engineered multi-state standardization,9/5/2022,10/10/2023,23498.46,0.12,podcast,B2C,organic,0.32,659782.2
Versatile systemic matrices,3/18/2023,11/3/2023,40761.62,0.75,email,B2B,referral,0.74,549518.67
Polarized client-driven moratorium,1/25/2023,8/16/2023,50624.24,0.13,webinar,B2C,referral,0.58,14079.6
Implemented neutral algorithm,5/31/2023,5/4/2024,29528.87,0.19,podcast,B2C,promotion,0.78,550470.56
Enterprise-wide impactful installation,7/26/2023,2/23/2024,71620.59,0.23,email,B2C,referral,0.38,872243.42
Managed regional process improvement,6/14/2023,9/19/2023,65007.53,0.7,email,B2B,promotion,0.99,429137.69
Vision-oriented incremental website,2/28/2023,4/26/2024,88865.19,0.67,email,B2B,referral,0.4,379377.93
Compatible global Graphical User Interface,7/5/2023,5/5/2024,29838.85,0.79,webinar,B2C,paid,0.4,723242.82
Up-sized web-enabled flexibility,9/24/2022,6/8/2024,82727.29,0.91,podcast,B2B,organic,0.21,804001.71
User-centric intermediate website,3/4/2023,11/9/2023,40776.29,0.64,email,B2C,promotion,0.2,833389.82
Multi-tiered asynchronous model,8/26/2022,1/3/2024,28192.89,0.33,social media,B2C,organic,0.1,892332.18
Function-based homogeneous productivity,10/28/2022,5/4/2024,11711.34,0.26,social media,B2B,organic,0.26,975549.34
Persevering tertiary solution,12/24/2022,12/7/2023,46790.73,0.3,social media,B2C,promotion,0.79,808758.89
Expanded 3rdgeneration synergy,10/8/2022,7/9/2024,43946.75,0.14,email,B2B,paid,0,739069.46
Stand-alone web-enabled array,9/10/2022,11/24/2023,49546.42,0.62,social media,B2C,organic,0.26,837766.38
Reverse-engineered stable approach,8/14/2022,1/5/2024,9472.45,0.5,podcast,B2B,paid,0.77,695134.9
Streamlined homogeneous emulation,8/22/2022,11/17/2023,41792.48,0.83,podcast,B2C,promotion,0.28,760400.54
Face-to-face multi-tasking flexibility,6/7/2023,10/23/2023,92997.45,0.94,podcast,B2B,referral,0.51,779020.93
Cross-group bandwidth-monitored algorithm,4/18/2023,2/6/2024,92913.24,0.16,podcast,B2C,paid,0.63,332706.37
Cross-platform empowering protocol,10/13/2022,2/5/2024,15036.97,0.72,social media,B2B,referral,0.66,408446.72
Robust maximized Graphic Interface,9/17/2022,7/31/2024,95291.59,0.3,social media,B2B,organic,0.27,804844.5
Reduced solution-oriented Local Area Network,10/18/2022,2/7/2024,29617.85,0.94,podcast,B2B,paid,0.7,502557.55
Grass-roots multimedia hub,8/7/2022,3/11/2024,8752.77,0.21,email,B2C,paid,0.2,877263.89
Inverse dedicated process improvement,1/14/2023,12/20/2023,41771.2,0.86,webinar,B2C,organic,0.7,888385.22
Networked impactful complexity,11/13/2022,12/17/2023,53289.5,0.63,webinar,B2C,referral,0.1,843984.33
Re-contextualized 3rdgeneration moderator,1/15/2023,7/7/2024,85490.69,0.33,podcast,B2C,referral,0.59,180847.3
Operative heuristic middleware,5/27/2023,8/28/2023,95518.8,0.31,webinar,B2C,referral,0.46,396609.72
Seamless didactic algorithm,9/6/2022,4/7/2024,20179.61,0.31,webinar,B2B,promotion,0.46,327538.8
Multi-layered neutral productivity,4/14/2023,3/17/2024,15550.45,0.7,webinar,B2C,paid,0.23,860685.98
Enhanced systematic conglomeration,6/6/2023,6/3/2024,26004.11,0.82,email,B2B,organic,0.88,418291.72
Customizable mission-critical projection,9/5/2022,11/5/2023,66562.1,0.6,email,B2B,promotion,0.6,762382.2
Future-proofed dynamic Internet solution,10/8/2022,10/20/2023,8494.12,0.8,podcast,B2C,paid,0.93,208871.22
Realigned homogeneous support,10/13/2022,3/3/2024,24132.55,0.99,social media,B2C,paid,0.65,33543.21
Enterprise-wide non-volatile projection,3/5/2023,4/18/2024,99324.9,0.63,email,B2B,organic,0.85,513550.65
Up-sized next generation portal,11/14/2022,6/23/2024,5702.93,0.34,social media,B2C,organic,0.88,951820.67
Stand-alone modular Internet solution,5/5/2023,8/17/2023,11068.74,0.13,podcast,B2C,promotion,0.86,747080.9
Stand-alone composite matrix,11/10/2022,12/19/2023,47307.68,0.78,podcast,B2B,referral,0.85,777464.6
Robust national process improvement,7/7/2023,10/9/2023,5211.43,0.2,social media,B2C,organic,0.89,439449.66
Intuitive analyzing contingency,11/2/2022,10/29/2023,66488.96,0.19,webinar,B2C,promotion,0.53,488511.76
Networked systemic toolset,2/6/2023,9/12/2023,41529.52,0.54,podcast,B2C,paid,0.79,926873.57
Compatible content-based architecture,2/5/2023,5/27/2024,59471.38,0.6,email,B2B,paid,0.16,247589.89
Universal uniform service-desk,7/10/2023,5/16/2024,37054.16,0.39,email,B2B,referral,0.6,5971.96
Programmable non-volatile encoding,2/22/2023,8/21/2023,46184.9,0.27,podcast,B2C,referral,0.2,870419.56
Public-key logistical knowledgebase,9/13/2022,7/25/2024,35711.19,0.93,webinar,B2C,promotion,0.39,669747.7
Profit-focused next generation installation,3/12/2023,7/30/2024,16505.53,0.21,podcast,B2C,paid,0.29,401190.17
Right-sized transitional standardization,2/6/2023,1/6/2024,9929.8,0.97,email,B2C,promotion,0.65,970132.5
Quality-focused local methodology,9/21/2022,12/27/2023,11092.23,0.54,social media,B2C,paid,0.83,104296.76
Intuitive mobile focus group,6/4/2023,2/12/2024,56406.79,0.62,podcast,B2C,referral,0.7,149846.93
Extended web-enabled approach,1/23/2023,10/26/2023,94020.1,0.73,social media,B2B,referral,0.47,253543.28
Configurable context-sensitive orchestration,9/15/2022,5/22/2024,45583.71,0.3,social media,B2C,organic,0,959198.9
Organized multi-state definition,9/26/2022,11/22/2023,94235.4,0.21,social media,B2B,promotion,0.16,138245.41
Horizontal systematic moderator,6/30/2023,10/25/2023,20557.58,0.16,webinar,B2B,promotion,0.8,851130.62
Reverse-engineered non-volatile intranet,8/9/2022,10/22/2023,35179.9,0.28,webinar,B2B,referral,0.53,119499.36
Versatile systematic flexibility,5/16/2023,9/6/2023,24546.35,0.81,webinar,B2C,promotion,0.14,415710.74
Sharable tangible structure,9/22/2022,12/7/2023,11545.73,0.43,social media,B2C,promotion,0.5,30036.66
Enhanced optimizing time-frame,11/6/2022,4/2/2024,1378.61,0.15,email,B2B,organic,0.66,862862.99
Stand-alone zero-defect Graphic Interface,1/9/2023,10/31/2023,41687.29,0.31,social media,B2B,organic,0.97,306545.57
Intuitive 24hour flexibility,5/22/2023,11/30/2023,78922.22,0.6,podcast,B2C,organic,0.5,820394.15
Profound heuristic solution,9/3/2022,12/5/2023,29965.35,0.55,email,B2B,organic,0.69,800087.39
Organized explicit pricing structure,9/19/2022,11/10/2023,44016.46,0.67,webinar,B2C,organic,0.46,516247.3
Compatible local concept,6/3/2023,3/9/2024,79189.2,0.81,webinar,B2B,referral,0.15,9576.39
Business-focused directional instruction set,6/21/2023,9/8/2023,65347.8,0.74,podcast,B2B,promotion,0.8,868299.33
Up-sized foreground open system,4/29/2023,5/8/2024,64165.51,0.66,podcast,B2B,promotion,0.44,290264.87
Operative exuding process improvement,5/29/2023,11/11/2023,55991.95,0.15,social media,B2B,organic,0.72,972995.99
Ergonomic full-range workforce,4/25/2023,3/13/2024,88094.67,0.94,email,B2B,paid,0.24,295898.2
Down-sized object-oriented website,11/16/2022,4/10/2024,23030.51,0.4,social media,B2C,referral,0.9,14158.69
Fully-configurable web-enabled info-mediaries,3/30/2023,4/4/2024,44207.35,0.79,social media,B2C,organic,0.51,865565.75
User-centric intangible success,1/9/2023,8/27/2023,40594.89,0.94,email,B2C,referral,0.86,313328.51
Realigned zero administration intranet,3/12/2023,11/29/2023,55314.88,0.11,social media,B2B,paid,0.34,354396.83
Secured grid-enabled policy,7/22/2023,8/27/2023,91275.2,0.77,email,B2C,paid,0.38,761329.99
Sharable neutral array,3/24/2023,6/15/2024,67716.57,0.39,webinar,B2B,promotion,0.15,120441.4
Universal global benchmark,5/4/2023,3/13/2024,15390.47,0.57,webinar,B2B,paid,0.72,289275.2
Adaptive well-modulated extranet,11/18/2022,8/9/2023,71105.48,0.41,social media,B2C,promotion,0.9,242732.54
Robust tangible strategy,5/16/2023,12/16/2023,4459.25,0.95,webinar,B2C,paid,0.62,285414.63
Versatile context-sensitive interface,11/5/2022,10/29/2023,30382.56,0.71,webinar,B2B,paid,0.95,441419.78
Synergistic value-added help-desk,4/1/2023,7/18/2024,29527.93,0.85,social media,B2C,paid,0.61,142683.63
Multi-channeled didactic process improvement,12/31/2022,6/8/2024,97339.13,0.5,email,B2B,organic,0.69,409395.67
Distributed stable emulation,12/4/2022,3/19/2024,38723.34,0.41,email,B2C,referral,0.22,122519.77
Operative context-sensitive Local Area Network,8/31/2022,11/28/2023,62234.75,0.51,email,B2B,promotion,0.84,640882.28
Seamless motivating infrastructure,2/20/2023,10/20/2023,63478.39,0.96,podcast,B2B,organic,0.28,563372.52
Switchable leadingedge alliance,1/29/2023,7/28/2024,93236.34,0.92,webinar,B2C,referral,0.85,545988.99
Multi-lateral grid-enabled middleware,6/11/2023,7/17/2024,84718.25,0.98,social media,B2B,paid,0.97,76971.76
Inverse system-worthy utilization,8/25/2022,8/15/2023,17398.1,0.22,email,B2C,paid,0.6,36397.45
Extended next generation paradigm,6/1/2023,1/26/2024,78135.6,0.54,podcast,B2B,referral,0.11,551156.74
Customer-focused bifurcated service-desk,4/8/2023,9/19/2023,24769.6,0.65,social media,B2B,organic,0.9,161983.35
Extended tangible hierarchy,8/2/2022,4/7/2024,36943.95,0.63,social media,B2C,referral,0.46,135256.94
Down-sized systematic contingency,5/14/2023,7/26/2024,67417.39,0.15,podcast,B2C,paid,0.74,291171.32
Focused holistic installation,12/13/2022,9/14/2023,65008.76,0.15,podcast,B2B,paid,0.36,433912.4
Profound 24/7 parallelism,6/21/2023,12/13/2023,75478.5,0.15,social media,B2B,referral,0.34,372918.3
Ergonomic incremental utilization,11/6/2022,6/1/2024,30574.8,0.2,webinar,B2C,promotion,0.92,985934.77
Implemented actuating structure,1/26/2023,5/11/2024,73452.84,0.1,podcast,B2B,paid,0.83,870280.71
Optimized high-level ability,4/22/2023,3/23/2024,2113.42,0.97,email,B2C,paid,0.6,545164.59
Up-sized eco-centric open architecture,5/20/2023,8/22/2023,43439.29,0.57,social media,B2B,paid,0.24,887646.91
Business-focused systematic Graphical User Interface,1/25/2023,11/22/2023,55795.59,0.37,social media,B2B,organic,0.7,678927.4
Up-sized maximized time-frame,5/17/2023,6/24/2024,7795.44,0.95,social media,B2B,organic,0.24,533292.53
Versatile explicit standardization,5/8/2023,11/16/2023,93728.56,0.87,webinar,B2B,paid,0.68,371660.32
Extended regional paradigm,1/15/2023,9/9/2023,61599.31,0.44,email,B2C,organic,0.3,510396.54
Multi-channeled real-time info-mediaries,6/27/2023,4/30/2024,71582.81,0.51,email,B2B,paid,0,878650.2
Function-based 4thgeneration flexibility,2/11/2023,4/20/2024,40565.83,0.62,social media,B2C,promotion,0.11,90238.91
Stand-alone client-driven approach,2/28/2023,10/5/2023,8570.41,0.52,podcast,B2B,paid,0.71,864848.47
Balanced optimizing software,4/10/2023,5/10/2024,10297.36,0.95,podcast,B2B,paid,0.71,997657.18
De-engineered object-oriented framework,10/1/2022,12/10/2023,12624.62,0.31,social media,B2C,paid,0.51,490299.83
Multi-layered full-range throughput,2/9/2023,3/1/2024,71398.88,0.38,social media,B2B,paid,0.83,428690.2
Self-enabling multi-tasking help-desk,5/1/2023,7/16/2024,95378.2,0.69,email,B2B,referral,0.91,744126.87
Object-based national standardization,8/13/2022,10/6/2023,95049.66,0.84,podcast,B2C,promotion,0.2,307444.6
Object-based leadingedge initiative,3/1/2023,2/8/2024,14254.9,0.8,podcast,B2C,promotion,0.31,373966.59
Sharable background circuit,8/26/2022,6/15/2024,39380.23,0.58,email,B2B,referral,0.99,878859.45
Synchronized national system engine,1/18/2023,11/11/2023,1223.82,0.71,social media,B2C,paid,0.3,768567.7
Front-line attitude-oriented adapter,1/7/2023,4/23/2024,32575.19,0.9,webinar,B2C,referral,0.17,262152.11
Grass-roots scalable framework,2/16/2023,8/19/2023,61978.1,0.39,social media,B2C,paid,0.77,108.21
Networked zero administration array,12/29/2022,12/13/2023,62893.8,0.18,email,B2B,promotion,0.53,956677.1
Visionary client-driven instruction set,12/18/2022,11/9/2023,80963.14,0.14,email,B2C,organic,0.7,520779.28
Seamless directional Graphic Interface,8/27/2022,12/8/2023,89833.97,0.6,email,B2C,promotion,0.42,533309.75
Innovative 4thgeneration protocol,8/16/2022,1/24/2024,78857.26,0.15,webinar,B2C,promotion,0.74,899416.78
Cross-group radical definition,4/24/2023,4/1/2024,42878.1,0.48,webinar,B2C,organic,0.66,236497.1
Automated client-server contingency,11/30/2022,12/20/2023,27483.74,0.8,social media,B2B,organic,0.38,138657.81
Enterprise-wide tangible secured line,7/4/2023,5/30/2024,32993.61,0.4,email,B2B,promotion,0.9,15015.31
Open-architected transitional framework,10/2/2022,12/15/2023,2568.1,0.44,podcast,B2C,organic,0.26,189403.95
Networked motivating Graphic Interface,8/6/2022,4/23/2024,9689.82,0.23,podcast,B2C,referral,0.31,570403.72
Balanced impactful collaboration,9/7/2022,3/24/2024,48068.29,0.96,social media,B2C,organic,0.13,749632.31
Phased clear-thinking matrix,12/28/2022,6/24/2024,41572.75,0.88,webinar,B2B,paid,0.4,745526.31
Multi-channeled hybrid workforce,12/27/2022,9/12/2023,54998.51,0.46,email,B2B,promotion,0.44,328378.21
Up-sized dedicated workforce,9/13/2022,5/21/2024,26043.99,0.28,email,B2C,organic,0.25,990541.8
Focused tangible array,12/20/2022,3/10/2024,24633.17,0.52,podcast,B2B,referral,0.45,477094.47
Organized heuristic customer loyalty,8/14/2022,8/7/2023,56844.8,0.17,email,B2B,referral,0.45,213233.35
Implemented radical array,8/9/2022,2/11/2024,50192.71,0.74,email,B2B,organic,0.13,579337.15
Reactive even-keeled hardware,4/20/2023,6/24/2024,86585.56,0.62,email,B2B,organic,0.94,343542.86
Implemented logistical architecture,7/20/2023,4/6/2024,15386.79,0.23,webinar,B2B,organic,0.98,973522.31
Team-oriented intermediate matrices,5/31/2023,1/4/2024,56098.87,0.74,webinar,B2C,organic,0.53,693941.43
Operative optimizing firmware,4/6/2023,6/20/2024,86427.37,0.16,webinar,B2B,organic,0.69,615345.97
Cloned system-worthy project,5/11/2023,11/30/2023,12214.82,0.36,email,B2B,organic,0.46,553547.53
Versatile regional capability,9/26/2022,9/19/2023,83088.32,0.14,email,B2C,paid,0.8,564579.89
De-engineered static standardization,11/22/2022,10/21/2023,80176.5,0.46,email,B2C,promotion,0.11,24198.61
Total bi-directional attitude,4/25/2023,6/12/2024,11441.68,0.51,podcast,B2B,promotion,0.39,831009.89
Progressive non-volatile service-desk,9/20/2022,6/10/2024,48365.23,0.67,webinar,B2C,organic,0.67,340157.74
Business-focused needs-based synergy,6/20/2023,9/12/2023,86182.78,0.29,webinar,B2B,promotion,0.12,761650.71
Optional holistic Graphical User Interface,4/15/2023,6/10/2024,87937.87,0.75,social media,B2B,promotion,0.96,186429.38
Grass-roots bottom-line strategy,4/23/2023,8/9/2023,13932.94,0.48,webinar,B2C,promotion,0.21,737381.8
Quality-focused fault-tolerant secured line,2/1/2023,8/2/2023,8324.3,0.68,webinar,B2C,promotion,0.76,875993.48
Secured solution-oriented application,9/12/2022,2/22/2024,10216.93,0.24,social media,B2B,organic,0.12,597726.39
Multi-tiered executive task-force,2/18/2023,3/24/2024,73598.13,0.43,email,B2C,promotion,0.45,508514.45
Focused empowering superstructure,2/5/2023,5/26/2024,39103.33,0.81,webinar,B2C,promotion,0.55,503191.26
Reverse-engineered motivating algorithm,1/28/2023,3/23/2024,5833.99,0.34,webinar,B2C,promotion,0.65,181824.5
Configurable attitude-oriented throughput,1/14/2023,7/17/2024,60899.96,0.89,podcast,B2C,promotion,0.3,511916.8
Expanded neutral extranet,6/16/2023,12/7/2023,40596.83,0.94,podcast,B2B,promotion,0.22,794415.14
Reduced attitude-oriented task-force,12/3/2022,12/24/2023,25337.54,0.88,social media,B2C,promotion,0.17,569047.55
Focused logistical projection,9/15/2022,10/18/2023,93064.34,0.53,webinar,B2C,promotion,0.6,783632.31
Proactive asymmetric time-frame,1/15/2023,3/24/2024,75609.64,0.43,webinar,B2C,promotion,0.84,579392.35
Inverse systematic productivity,5/8/2023,7/20/2024,21939.98,0.1,email,B2C,promotion,0.55,52042.32
Optional coherent moratorium,9/17/2022,11/24/2023,89036.76,0.76,podcast,B2B,organic,0.44,917084.93
Expanded upward-trending conglomeration,2/4/2023,6/1/2024,31126.7,0.76,podcast,B2C,organic,0.37,899936.24
Compatible clear-thinking array,8/17/2022,4/21/2024,51825.62,0.6,webinar,B2B,promotion,0.49,891145.72
Universal 4thgeneration framework,4/25/2023,12/22/2023,71516.9,0.2,email,B2C,organic,0.72,857045.98
Persevering motivating benchmark,7/2/2023,9/18/2023,95735.11,0.49,social media,B2C,promotion,0.24,369103.26
Object-based content-based ability,10/12/2022,12/20/2023,26262.29,0.67,webinar,B2C,organic,0.77,415891.1
Innovative logistical interface,3/5/2023,10/25/2023,99579.39,0.1,social media,B2C,organic,0.28,758121.44
De-engineered impactful policy,9/4/2022,6/11/2024,35965.37,0.21,podcast,B2C,paid,0.77,574345.65
Integrated contextually-based parallelism,8/19/2022,6/2/2024,47201.38,0.58,webinar,B2C,organic,0.67,402603.75
Innovative mission-critical firmware,4/10/2023,9/10/2023,66401.2,0.71,email,B2C,promotion,0.91,419378.34
Advanced clear-thinking Graphical User Interface,1/21/2023,5/19/2024,69533.11,0.72,webinar,B2C,promotion,0.59,791308.71
Reactive tangible access,9/9/2022,5/14/2024,73328.31,0.18,webinar,B2B,organic,0.92,149637.56
Versatile systemic challenge,2/2/2023,12/28/2023,50036.8,0.27,social media,B2B,promotion,0.45,578349.16
Switchable value-added portal,9/10/2022,9/16/2023,24555.69,0.78,email,B2B,referral,0.19,542272.5
Up-sized well-modulated support,9/11/2022,6/6/2024,83793.28,0.45,webinar,B2C,paid,0.97,927525.79
Secured asymmetric focus group,3/17/2023,10/5/2023,20492.32,0.34,social media,B2C,paid,0.43,293207.54
Down-sized 6thgeneration methodology,5/26/2023,12/14/2023,84057.89,0.17,podcast,B2B,paid,0.69,574894.6
Upgradable next generation knowledge user,2/14/2023,9/1/2023,44021.7,0.88,webinar,B2B,promotion,0.71,268456.4
Reverse-engineered regional data-warehouse,11/10/2022,5/6/2024,72633.75,0.42,email,B2C,referral,0.19,46016.24
Implemented 4thgeneration open system,12/30/2022,5/12/2024,42103.6,0.66,webinar,B2C,organic,0.84,789172.99
Progressive motivating array,2/18/2023,1/18/2024,30951.13,0.99,email,B2C,referral,0.25,576624.43
Visionary client-driven pricing structure,9/11/2022,7/29/2024,4675.43,0.68,social media,B2B,paid,0.5,641884.2
Pre-emptive mission-critical matrices,8/30/2022,11/19/2023,55342,0.19,email,B2C,organic,0.9,350758.89
Triple-buffered high-level neural-net,11/1/2022,6/5/2024,83667.24,0.25,social media,B2B,organic,0,460534.5
Managed actuating open architecture,12/30/2022,11/2/2023,69912.37,0.71,email,B2C,promotion,0.24,325212.98
Visionary composite task-force,10/22/2022,7/30/2024,68203.64,0.74,email,B2B,organic,0.56,931667.61
Ergonomic fresh-thinking customer loyalty,8/28/2022,5/20/2024,53848.51,0.27,email,B2B,organic,0.98,940582.98
Enterprise-wide didactic instruction set,11/11/2022,10/5/2023,2339.3,0.25,social media,B2B,organic,0.73,197904.55
Decentralized client-driven adapter,1/8/2023,3/18/2024,85162.21,0.12,webinar,B2C,promotion,0.9,547794.76
Cross-platform transitional interface,8/5/2022,9/23/2023,57412.53,0.66,webinar,B2C,paid,0.2,540285.9
Universal transitional moderator,5/4/2023,7/22/2024,17051.21,0.72,social media,B2B,promotion,0.22,572556.5
Universal composite open system,3/2/2023,1/13/2024,20606.52,0.12,webinar,B2B,organic,0.42,346919.49
Public-key human-resource product,11/11/2022,7/23/2024,18637.27,0.25,podcast,B2B,paid,0.16,105353.85
Secured background encryption,9/22/2022,12/18/2023,57858.79,0.1,email,B2B,referral,0.16,755718.77
Implemented content-based contingency,7/18/2023,9/5/2023,9933.82,0.4,email,B2C,promotion,0.35,286921.83
Open-architected responsive array,12/24/2022,12/10/2023,55733.12,0.34,social media,B2C,promotion,0.31,148330.9
Reverse-engineered client-server neural-net,1/19/2023,2/17/2024,3854.95,0.12,social media,B2B,promotion,0.34,223877.3
Networked upward-trending forecast,7/6/2023,1/23/2024,43185.33,0.47,email,B2B,referral,0.72,918409.28
Multi-layered optimal pricing structure,1/28/2023,11/21/2023,35728.11,0.35,webinar,B2C,organic,0.97,556729.13
Persistent stable leverage,1/15/2023,10/4/2023,70220.82,0.5,social media,B2B,paid,0.33,89723.88
Focused stable analyzer,6/28/2023,6/6/2024,39506.88,0.55,webinar,B2C,organic,0.81,753417.28
Networked exuding instruction set,9/11/2022,2/27/2024,93971.2,0.39,podcast,B2C,promotion,0.29,232132.15
Multi-layered intermediate conglomeration,8/30/2022,4/17/2024,51220.79,0.41,webinar,B2C,referral,0.13,784728.26
Visionary 24hour circuit,8/26/2022,6/21/2024,88113.95,0.39,email,B2B,paid,0.49,528254.15
Optional even-keeled functionalities,1/1/2023,8/23/2023,62829.72,0.5,webinar,B2C,referral,0.62,253765.71
De-engineered systematic conglomeration,5/2/2023,12/26/2023,79350.42,0.81,webinar,B2C,organic,0.57,332867.82
Extended 24hour contingency,7/7/2023,8/18/2023,69815.82,0.16,podcast,B2C,organic,0.27,2810.51
User-centric clear-thinking interface,8/28/2022,5/27/2024,29206.8,0.6,social media,B2C,referral,0.34,628376.14
Programmable optimal capability,6/6/2023,2/27/2024,59160,0.77,email,B2B,organic,0.69,376200.21
Optimized zero administration approach,4/7/2023,11/13/2023,17097.49,0.3,email,B2B,referral,0.82,378447.69
Robust directional complexity,3/16/2023,7/27/2024,31330.31,0.35,email,B2B,organic,0.77,820739.68
Reverse-engineered 4thgeneration analyzer,12/24/2022,11/3/2023,35539.13,0.53,social media,B2C,referral,0.68,579364.9
Secured incremental moratorium,8/4/2022,8/28/2023,43792.4,0.94,webinar,B2B,paid,0.81,70347.37
Universal asymmetric extranet,3/7/2023,4/30/2024,80292.7,0.6,webinar,B2B,referral,0.25,19497.73
User-friendly next generation challenge,1/27/2023,9/10/2023,93319.78,0.61,social media,B2B,promotion,0.57,738244.49
Vision-oriented zero tolerance hardware,1/13/2023,12/28/2023,25534.3,0.9,email,B2C,paid,0.99,141758.95
Reverse-engineered static infrastructure,7/16/2023,8/7/2023,7315.35,0.86,email,B2C,referral,0.7,162798.55
Managed leadingedge knowledge user,3/4/2023,1/27/2024,4714.75,0.66,email,B2B,referral,0.12,650653.56
Multi-channeled full-range framework,7/1/2023,8/31/2023,83835.24,0.16,webinar,B2C,organic,0.48,161707.63
Optional secondary website,12/13/2022,9/12/2023,17625,0.22,webinar,B2B,paid,0.18,517206.57
Open-source fault-tolerant open architecture,6/3/2023,7/31/2024,29827.35,0.52,webinar,B2C,referral,0.36,310553.26
Distributed dynamic process improvement,9/17/2022,10/6/2023,62616.23,0.59,email,B2B,organic,0.7,652592.33
Triple-buffered exuding Local Area Network,12/19/2022,11/21/2023,47196.25,0.9,podcast,B2C,promotion,0.92,572836.7
Vision-oriented 24hour migration,9/30/2022,12/7/2023,4072.67,0.15,social media,B2C,organic,0.18,7636.54
Intuitive 4thgeneration access,8/16/2022,7/28/2024,82509.65,0.78,social media,B2B,referral,0.29,702414.14
Organic multi-tasking hardware,11/28/2022,2/12/2024,50412.87,0.91,social media,B2B,promotion,0.27,334303.84
Switchable solution-oriented success,6/13/2023,3/6/2024,93586.76,0.96,social media,B2C,organic,0.87,601987.53
Multi-channeled 5thgeneration methodology,1/19/2023,2/28/2024,7401.5,0.9,podcast,B2B,organic,0.12,537274.2
Object-based scalable utilization,1/29/2023,12/1/2023,97845.91,0.18,webinar,B2B,paid,0.63,985580.9
Operative tangible firmware,4/19/2023,6/25/2024,77555.4,0.8,email,B2C,organic,0.21,613448.3
Up-sized user-facing secured line,10/2/2022,10/29/2023,11168.71,0.8,social media,B2C,promotion,0.2,277549.41
